2438 3968
217 249 318 309 DlAL.
336 250 375 306 V.
403 249 454 309 DE
469 249 536 309 IRA
550 248 621 308 LIB.
637 249 686 307 lll.
699 256 820 313 att—41.
967 247 1031 312 100

60 411 185 479 tumque
206 403 287 478 apud
312 404 477 478 plerosque
497 402 592 461 robur
611 401 708 461 eadat.
750 401 894 477 Indignor
912 401 1031 463 meher-

61 489 146 548 cules
161 495 190 546 ct
205 503 265 546 non
281 487 403 545 invenio
419 485 543 545 dolendi
557 486 689 559 modum,
712 486 768 545 sed
783 493 903 561 tempus
918 502 1031 562 exspe-

61 572 201 631 ctandum
223 578 279 630 est.
315 570 398 629 dabit
418 585 544 644 poenas.
586 585 676 628 serva
694 569 775 628 istud
796 570 825 628 in
846 569 946 630 animo
968 578 1030 631 tuo.

61 670 128 714 cum
144 653 291 729 potueris,
313 662 343 713 et
358 670 413 727 pro
429 670 514 714 mora
533 653 677 712 reddes.“
707 654 856 728 castigare
875 670 949 715 vero
971 655 1030 715 ira-

61 744 195 797 scentem
212 746 242 797 et
256 739 333 797 ultro
349 738 480 797 obirasci
499 736 624 797 incitare
639 744 695 797 est.
733 736 826 796 Varie
843 737 1030 812 adgredieris
1045 751 1063 804 2

60 823 242 895 blandeque,
263 821 321 880 nisi
337 823 413 880 forte
432 827 515 881 tanta
536 837 669 896 persona
688 819 757 889 eris,
779 829 812 880 ut
831 821 935 895 possis
955 823 1031 880 iram

61 905 272 977 conminuere,
301 904 555 980 quemadmodum
577 906 646 964 fecit
666 905 754 964 divus
768 907 941 980 Augustus,
963 920 1030 964 eum

62 996 206 1049 coenaret
221 988 302 1062 apud
317 988 448 1047 Vedium
463 989 638 1049 Pollionem.
668 989 798 1062 fregerat
817 1006 897 1048 unus
912 1004 951 1047 ex
967 1004 1030 1047 ser·

60 1073 108 1131 vis
126 1072 192 1132 eius
207 1071 425 1149 crystallinum.
453 1072 518 1146 rapi
540 1089 607 1132 eum
622 1072 740 1131 Vedius
758 1071 847 1133 iussit
861 1089 900 1132 ne
914 1072 1031 1147 volgari

60 1157 185 1230 quidem
199 1170 284 1214 more
297 1157 472 1229 periturum.
495 1157 648 1215 muraenis
666 1155 745 1215 obici
760 1156 928 1228 iubebatur,
953 1172 1030 1230 quas

60 1239 191 1312 ingentis
207 1241 235 1297 in
252 1240 370 1313 piscina
385 1240 566 1300 continebat.
611 1241 683 1314 Quis
696 1256 756 1299 non
770 1240 831 1300 hoc
847 1242 929 1300 illum
944 1247 1030 1314 puta-

59 1330 108 1381 ret
121 1323 259 1382 luxuriae
275 1338 375 1407 causa,
387 1324 508 1383 facere?
528 1323 655 1383 saevitia
671 1331 744 1381 erat.
786 1324 891 1383 Evasit
905 1339 923 1382 e
936 1324 1063 1390 mani-3

59 1407 120 1464 bus
135 1423 212 1481 puer
227 1414 256 1464 et
271 1407 405 1480 confugit
419 1407 456 1465 ad
474 1407 612 1466 Caesaris
628 1407 723 1480 pedes
739 1407 809 1465 nibil
826 1408 905 1466 aliud
922 1408 1031 1482 petitu-

58 1506 123 1560 rus,
140 1506 231 1564 quam
247 1496 280 1548 ut
294 1489 380 1548 aliter
396 1491 514 1564 periret,
530 1506 568 1548 ne
584 1505 656 1548 esca
670 1490 765 1550 fieret.
797 1499 897 1550 motus
913 1496 961 1550 est
977 1507 1030 1551 no-

58 1574 152 1632 vitate
174 1573 360 1633 crudelitatis
377 1573 488 1632 Caesar
503 1582 532 1633 et
550 1574 631 1632 illum
650 1573 770 1647 quidem
794 1574 881 1648 mitti,
903 1576 1030 1649 crystal-

61 1657 123 1716 lina
137 1664 235 1716 autem
259 1656 360 1715 omnia
375 1673 477 1716 coram
494 1673 527 1717 se
543 1658 639 1730 frangi
654 1658 743 1716 iussit
764 1658 963 1731 conplerique
984 1657 1030 1732 pi·

60 1740 188 1798 scinam.
216 1740 283 1799 Fuit
298 1741 421 1801 Caesari
433 1743 478 1800 sic
493 1741 688 1814 castigandus
705 1741 830 1800 amicus.
860 1743 937 1802 bene
951 1759 1028 1803 usus
1044 1753 1061 1805 4

59 1830 110 1881 est
122 1822 237 1882 viribus
252 1825 327 1884 suis.
354 1825 379 1883 E
392 1826 532 1885 convivio
543 1826 609 1900 rapi
624 1824 761 1886 homines
772 1825 905 1900 imperas
918 1834 947 1887 et
958 1827 1030 1886 novi

58 1907 182 1981 generis
206 1908 313 1981 poenis
334 1908 501 1969 lancinari?
533 1909 558 1967 si
586 1908 664 1969 calix
678 1915 748 1970 tuus
768 1910 882 1970 fractus
903 1916 964 1982 cst,
985 1911 1028 1969 vi-

59 2006 151 2050 scera
168 1990 298 2052 hominis
314 1993 538 2053 distrahentur?
565 1999 679 2052 tantum
701 1994 752 2053 tibi
767 1992 914 2068 placebis,
938 2002 970 2053 ut
988 1995 1028 2054 ibi
1070 1990 1073 1997 '

59 2074 191 2149 aliquem
214 2076 284 2134 duci
298 2074 415 2148 iubeas,
431 2077 481 2137 ubi
498 2076 609 2136 Cacsar
623 2085 678 2136 est.

119 2159 192 2217 XLI.
215 2159 246 2219 Si
266 2162 314 2220 cui
326 2168 439 2221 tantum
452 2161 604 2236 potentiae
622 2168 676 2228 est,
691 2169 725 2221 ut
735 2162 809 2219 iram
826 2177 864 2219 ex
876 2163 1028 2236 superiori
1043 2172 1057 2222 l

57 2244 128 2302 loco
142 2243 268 2317 adgredi
280 2245 387 2319 possit,
402 2247 480 2304 male
491 2250 606 2316 tractet,
629 2253 659 2304 at
670 2247 758 2304 talem
773 2244 936 2318 dumtaxat,
954 2263 1027 2320 qua-

56 2326 118 2386 lem
133 2329 224 2386 modo
247 2327 349 2399 retuli,
372 2329 480 2402 feram,
501 2329 665 2400 inmanem,
687 2330 926 2403 sanguinariam,
950 2346 1029 2404 quae

57 2410 118 2468 ianr
133 2410 308 2471 insanabilis
323 2419 378 2485 est,
399 2411 458 2470 nisi
479 2413 576 2472 maius
597 2412 710 2487 aliquid
725 2411 867 2472 extimuit.
881 2414 945 2453 ***

121 2492 170 2528 ***
185 2495 407 2569 pacemdemus
419 2497 529 2570 animo,
546 2512 634 2570 quam
650 2495 1027 2571 dabitpraeceptorumsa-
1043 2506 1060 2557 2

56 2576 197 2637 lutarium
205 2578 336 2638 adsidua
350 2578 503 2640 meditatio
511 2588 657 2654 actusque
672 2595 771 2637 rerum
788 2580 859 2638 boni
873 2588 902 2639 et
916 2580 1030 2640 intenta

56 2675 144 2720 mens
160 2663 197 2721 ad
205 2662 420 2722 uninshonesti
433 2663 634 2737 cupiditatem.
658 2663 866 2722 Conscientiae
880 2667 954 2723 satis
966 2664 1028 2724 liat

56 2744 99 2804 nil
113 2745 457 2807 infamamlaboremus=
472 2756 618 2820 sequatur
630 2748 676 2804 vel
689 2748 776 2816 mala,
792 2747 862 2805 dum
878 2746 955 2806 bene
966 2763 1028 2806 me-

54 2828 161 2889 rentis.
189 2834 254 2902 „At
267 2831 376 2904 volgus
391 2831 528 2891 animosa
541 2831 665 2890 miratur
677 2838 707 2889 et
720 2830 853 2889 audaces
867 2831 898 2889 in
913 2831 1061 2894 honored

57 2907 138 2983 sunt,
159 2913 272 2987 placidi
287 2930 343 2988 pro
358 2913 507 2975 inertibus
519 2915 696 2974 habentur.“
723 2913 820 2988 primo
833 2915 958 2976 forsitan
974 2915 1027 2973 ad·

57 3003 176 3070 spectu.
206 2998 262 3056 sed
274 2998 363 3058 simul
379 2997 546 3073 aequalitas
561 2999 641 3058 vitae
655 2997 747 3056 iidem
764 2999 834 3057 fecit
845 3016 905 3059 non
926 2998 1026 3072 segni-

55 3081 128 3139 tiem
143 3079 224 3139 illam
239 3082 328 3140 animi
351 3098 430 3152 csse,
452 3084 507 3140 sed
525 3098 639 3157 pacem,
661 3089 823 3141 veneratur
843 3083 911 3144 illos
927 3099 1027 3158 popu-

55 3167 105 3224 lus
120 3163 200 3223 idem
217 3165 358 3241 colitque.
401 3166 479 3225 Nihil
497 3182 569 3241 crgo
584 3166 676 3226 habet
695 3167 723 3224 in
741 3181 775 3226 se
790 3166 862 3226 utile
876 3175 952 3226 teter
969 3168 1058 3226 istet

56 3256 89 3309 et
102 3248 222 3308 hostilis
235 3251 382 3320 adfectus,
407 3260 437 3309 at
451 3250 552 3311 omnia
573 3265 612 3308 ex
633 3251 784 3311 contrario
805 3252 892 3321 mala,
914 3252 1026 3309 ferrum

55 3340 87 3393 et
98 3333 194 3407 ignes.
216 3334 334 3407 pudore
342 3336 457 3396 calcato
467 3334 612 3394 caedibus
623 3333 791 3408 inquinavit
800 3351 917 3408 manns,
932 3350 1025 3394 mem-

55 3419 112 3476 bra
129 3417 291 3478 liberorum
307 3419 460 3495 dispersit.
497 3420 568 3478 nibil
586 3435 715 3478 vacuum
731 3418 852 3494 reliquit
866 3435 883 3477 a
899 3419 1026 3488 scelere,
