2438 3968
199 219 242 281 ol
492 221 525 279 L.
547 220 692 280 ANNAEI
715 219 889 280 SENECAE

201 392 263 436 non
278 374 445 436 mitioribus
460 375 567 435 animis
581 375 655 433 vitia
665 374 781 434 leniora
796 373 957 434 coniuncte
971 379 1059 447 sunt,
1082 381 1119 433 ut
1136 376 1184 435 rul-

201 458 369 519 sericordia
385 468 414 519 et
427 475 513 519 amor
527 466 557 518 et
570 459 776 518 verecundiae
806 459 911 530 ltaque
931 472 1035 531 saepe
1056 458 1116 519 tibi
1136 460 1185 521 bo·

200 559 271 602 narn
286 543 417 602 indolem
432 542 518 602 malis
534 557 657 616 quoque
671 543 735 601 suis
751 541 920 601 ostendam.
952 541 1012 600 sed
1035 558 1104 602 non
1119 541 1184 603 ideo

172 626 272 699 lvitia
287 643 346 687 nou
369 634 454 699 sunt,
475 625 502 684 si
523 634 648 686 naturae
668 626 802 685 melioris
817 624 928 684 indicia
943 631 1029 684 sunt
1068 625 1185 687 Deinde

201 725 307 770 omnes
328 712 404 771 istae
429 709 546 769 feritate
567 709 680 768 liberae
700 717 807 783 gentes
828 710 950 768 leonum
972 709 1184 785 luporumque

199 796 259 853 ritu
274 801 307 853 ut
320 794 436 855 servire
452 809 512 852 nou
528 799 673 868 possunt,
695 793 735 852 ita
749 807 805 850 nec
820 791 980 866 imperare.
1018 809 1085 855 nou
1110 793 1183 853 enirn

200 878 321 938 humani
336 877 397 937 vim
412 875 533 952 ingenii,
548 876 605 936 sed
619 877 674 935 leri
689 884 719 936 et
731 872 927 935 intractabilis
941 874 1074 937 habeut.
1097 892 1181 938 neme

175 969 301 1022 sautem
315 976 422 1036 regere
439 967 539 1035 potest
554 959 611 1018 nisi
628 960 680 1034 qui
695 969 725 1019 et
738 958 812 1032 regi.
843 957 920 1017 Fere
933 956 1044 1033 itaque
1056 960 1182 1036 imperia

200 1061 296 1119 penes
312 1060 367 1103 eos
383 1045 467 1103 fuere
489 1045 637 1118 populos,
659 1043 711 1118 qui
731 1042 849 1103 mitiore
866 1043 954 1102 coelo
974 1050 1122 1104 utuntur.
1156 1046 1180 1103 iu

200 1128 313 1203 frigora
328 1126 635 1202 septemtrionemque
647 1126 840 1201 vergentibus
852 1127 1050 1187 inmansueta
1061 1128 1180 1203 ingenit

201 1219 279 1284 sunt,
295 1220 327 1271 ul
342 1212 382 1270 ait
396 1219 496 1285 poete,

502 1312 609 1368 suoque
622 1297 767 1354 simillima
781 1296 869 1354 coelo.

172 1388 185 1437 l
260 1379 340 1439 xvl.
369 1379 548 1452 „Animalia
564 1377 668 1454 inquit,
684 1377 922 1452 generosissima
934 1375 1105 1453 habentur,
1120 1378 1175 1453 qul·

200 1464 257 1523 bus
273 1466 396 1524 multum
411 1465 491 1522 inest
505 1463 600 1522 irae.“
636 1463 724 1521 Errat
745 1460 797 1535 qui
818 1476 855 1518 ea
874 1460 905 1519 in
925 1463 1110 1536 exemplum
1131 1462 1175 1523 ho

200 1546 289 1606 minis
303 1547 434 1620 abducit,
451 1547 562 1621 quibus
577 1563 633 1621 pro
645 1544 761 1604 ratione
777 1553 824 1604 est
838 1543 976 1617 inpetusr
992 1543 1118 1606 homini
1127 1560 1173 1621 prt

199 1632 304 1705 inpetu
318 1631 395 1690 ratio
411 1639 466 1691 est.
490 1629 552 1689 Sed
567 1645 606 1689 ne
621 1631 679 1689 illis
695 1628 816 1702 quidem
832 1625 973 1687 omnibus
988 1625 1079 1688 idern
1091 1629 1172 1705 prod·

200 1723 261 1773 est:
287 1714 443 1773 iracundia
457 1715 563 1773 leones
579 1714 715 1784 adiurat,
737 1727 833 1785 pavor
853 1726 977 1783 cervos,
1000 1713 1173 1788 accipitrem

172 1797 332 1871 2inpetus,
349 1797 519 1858 columbam
534 1798 614 1870 luga.
647 1796 733 1869 Quid,
747 1795 828 1870 quod
841 1810 880 1853 ue
894 1793 967 1854 illud
982 1795 1117 1869 quidem
1132 1812 1172 1855 re·

200 1895 266 1938 rum
282 1887 343 1953 est,
360 1881 473 1954 optima
487 1880 627 1938 animalia
641 1895 712 1938 esse
726 1877 980 1938 iracundissimal
1013 1878 1105 1941 seras
1127 1896 1171 1957 pu·

201 1972 275 2033 tem,
292 1963 404 2036 qulbus
422 1978 460 2021 ex
473 1970 561 2037 raptu
577 1962 716 2022 alimenta
731 1971 816 2036 sunt,
837 1962 978 2022 meliores
995 1979 1062 2037 quo
1079 1962 1170 2026 iratio

201 2061 259 2105 res.
305 2046 477 2119 patientiam
507 2046 691 2105 laudaverim
720 2046 810 2105 bourn
840 2053 870 2105 et
891 2061 1042 2120 equorum
1076 2050 1171 2109 frene

201 2131 402 2203 sequentium.
435 2128 511 2201 Quid
527 2137 574 2189 est
589 2134 689 2188 autem
704 2145 759 2189 cur
772 2129 925 2190 homiuem
938 2127 978 2188 ad
997 2136 1065 2190 tam
1085 2130 1172 2193 inlel'r

201 2212 247 2270 cia
259 2215 548 2287 exemplarevoces,
557 2228 625 2273 curn
635 2212 751 2272 habeas
759 2213 903 2272 mundum
911 2212 1083 2289 deumque,
1092 2232 1171 2292 quen

200 2312 239 2354 ex
259 2296 398 2356 omnibus
419 2295 598 2356 animalibus
624 2303 657 2356 ut
676 2298 762 2356 solus
783 2296 927 2366 imitetur,
948 2297 1038 2357 solus
1063 2299 1170 2361 intelle

172 2381 260 2452 agita
290 2379 548 2454 „Simplicissimi,
563 2379 676 2456 inquit,
692 2373 824 2439 omnium
838 2379 990 2439 habentur
1004 2379 1172 2445 iracundi.“

198 2463 409 2523 Fraudulentis
430 2463 509 2522 enim
531 2470 561 2524 et
581 2464 712 2524 versutis
734 2471 938 2538 conparantur
963 2468 994 2522 et
1019 2466 1172 2543 simplice

198 2547 352 2619 videntur,
381 2547 451 2622 qula
478 2548 610 2622 expositi
635 2556 714 2608 sunt.
758 2563 836 2622 quos
862 2547 984 2622 quidem
1013 2565 1083 2610 non
1112 2550 1172 2613 sin

200 2628 294 2702 plices
314 2631 457 2703 dixerim,
479 2631 536 2690 sed
550 2629 699 2691 incautos.
743 2631 858 2705 stultis,
873 2630 1042 2693 luxuriosis
1060 2636 1172 2711 nepae

199 2713 318 2787 busque
343 2715 401 2775 hoc
426 2729 534 2772 nomeu
556 2716 729 2789 inponimus
751 2724 780 2775 et
801 2714 941 2774 omnibus
962 2713 1047 2776 vitiis
1072 2736 1173 2795 parurn

201 2796 326 2855 callidis.

171 2889 185 2939 1
262 2878 353 2937 XVll.
387 2879 528 2954 „0retor,
551 2881 662 2954 inquit,
683 2882 776 2941 iratus
792 2882 956 2957 aliquando
972 2881 1090 2947 melior
1105 2890 1173 2951 esu‘

199 2962 291 3022 Immo
307 2963 437 3023 imitatus
454 2964 569 3023 iratum.
599 2981 667 3024 nam
681 2974 711 3025 et
724 2964 887 3026 histriones
899 2965 929 3024 in
945 2970 1173 3040 pronuntiando

199 3061 258 3105 non
274 3047 339 3105 irati
355 3049 501 3121 populum
514 3055 650 3121 movent,
676 3050 730 3108 sed
753 3049 859 3109 iratum
881 3048 959 3108 bene
974 3059 1131 3124 agentesr
1150 3062 1173 3115 el

198 3130 280 3204 apud
297 3128 414 3189 iudices
435 3130 536 3205 itaque
557 3139 588 3191 et
606 3132 635 3190 in
658 3132 805 3192 concione
824 3140 855 3193 et
874 3130 1067 3209 ubicumque
1090 3136 1172 3201 alieni

198 3213 289 3270 animi
313 3213 350 3271 ad
379 3220 515 3273 nostrum
541 3215 694 3274 arbitrium
718 3216 829 3288 agendi
854 3223 939 3287 sunt,
964 3218 1063 3280 modo
1095 3222 1172 3295 irunt

197 3294 289 3353 modo
314 3303 437 3368 metum,
464 3298 555 3358 modo
579 3296 816 3358 misericordiam
839 3307 870 3359 ut
891 3299 958 3359 aliis
977 3297 1173 3377 incutiamus.

198 3376 258 3452 ipsi
274 3377 494 3454 simulabimus,
516 3389 545 3441 et
562 3397 656 3456 saepe
670 3381 701 3441 id
718 3385 799 3456 quod
814 3382 879 3442 veri
893 3383 1035 3446 adiectus
1052 3406 1122 3451 nou
1136 3390 1172 3453 el·

169 3462 350 3533 eiecissent
366 3463 466 3524 elleeit
479 3464 602 3524 imitatio
618 3466 797 3526 adfectuum.
834 3467 1049 3545 „Languidus,
1068 3474 1172 3552 inquit,
