2438 3968
306 235 406 294 DIAL.
428 234 478 294 111.
506 234 556 296 DE
571 235 640 296 lna
654 235 726 294 LlB.
748 235 770 293 l.
792 243 887 298 1-8.
1039 234 1081 299 el

197 384 282 460 [Ira
316 393 372 447 est
400 387 597 462 cupiditas
625 391 873 450 ulciscendae
903 393 1111 457 inimicat

104 478 170 544 aut,
191 475 225 530 ut
242 473 287 530 ait
304 471 493 541 Posidonius,
518 473 711 547 cupiditas
727 474 921 548 puniendi
948 479 1043 549 eius,
1061 494 1082 537 a

104 572 176 632 quo
195 561 229 615 te
249 557 376 629 inique
392 558 668 630 puteslaesunt.
692 557 818 626 Oudon
832 561 873 618 ita
887 559 1080 632 definierunt.-

106 642 168 700 ira
187 645 242 699 est
260 641 436 700 incitatio
450 642 570 699 animi
588 640 913 714 adnocendumei,
934 647 998 717 qui
1013 652 1083 704 aut

105 726 239 784 nocuit
262 728 329 783 aut
347 738 486 785 nocere
507 727 649 796 coluit]

190 807 254 849 ***
280 815 433 882 tamquam
458 813 510 868 aut
528 822 632 867 curam
653 815 788 868 nostram
804 809 1015 870 deserentibus
1030 817 1108 873 autb

106 892 316 953 auctoritatem
331 890 602 952 contemnentibus.
637 891 735 965 Quidl
755 892 973 966 gladiatoribus
986 911 1081 970 quare

106 978 241 1051 populus
262 975 402 1035 irascitur
422 983 452 1034 et
465 983 526 1036 tam
539 976 657 1050 inique,
680 983 712 1036 ut
732 976 871 1037 iniuriam
885 985 981 1053 putet,
998 980 1083 1056 quod

106 1075 168 1121 non
183 1060 310 1120 libenter
325 1065 474 1134 pereunti
508 1061 659 1120 contemni
681 1075 717 1120 se
736 1059 848 1121 iudicat
868 1068 899 1122 et
910 1064 1010 1136 voltu,
1025 1079 1082 1138 ge-

106 1153 166 1216 sta
187 1143 299 1204 ardore
313 1159 331 1204 a
345 1150 519 1218 spectatore
538 1142 570 1204 in
585 1145 795 1204 adversarium
815 1145 949 1206 vertitur.
992 1147 1110 1222 Quia—o

107 1229 182 1304 quid
202 1228 344 1300 astula,
366 1235 496 1289 nonest
516 1228 574 1298 ira,
596 1229 653 1288 sed
675 1229 763 1304 quasi
784 1229 843 1300 ira,
866 1230 944 1290 sicut
966 1246 1098 1306 puero-⁴

89 1328 186 1383 rum,
210 1311 261 1388 qui
276 1311 303 1372 si
318 1312 508 1384 ceciderunt,
529 1320 640 1374 terram
655 1313 807 1373 verberari
822 1314 928 1373 volunt
944 1322 974 1375 et
987 1330 1083 1392 saepe

106 1413 147 1458 ne
160 1394 262 1458 scium
276 1395 413 1470 quidem,
435 1395 484 1457 cui
498 1397 680 1469 irascantur,
703 1398 760 1456 sed
773 1404 889 1457 mnium
903 1397 1083 1471 irascuntur,

106 1481 174 1544 aaa
189 1495 284 1540 causa
298 1485 328 1538 et
342 1480 409 1540 sine
424 1480 546 1552 iniuria,
569 1496 630 1541 non
645 1487 745 1541 tamen
760 1479 827 1540 sine
841 1481 942 1556 aliqua
956 1480 1084 1542 iniuriae

106 1565 213 1639 specie
228 1578 286 1623 nec
301 1562 368 1623 sine
382 1563 486 1638 aliqua
500 1579 619 1638 poenae
634 1562 807 1639 cupiditate.
837 1565 1020 1625 deluduntur
1029 1566 1083 1626 ita·

108 1663 168 1725 que
189 1647 353 1709 imitatione
377 1648 531 1722 plagarum
547 1655 578 1708 et
591 1647 739 1707 simulatis
754 1648 983 1723 deprecantium
998 1650 1084 1710 lacri-

108 1732 165 1793 mis
182 1732 340 1806 placantur
354 1739 385 1792 et
400 1732 479 1792 falsa
493 1732 608 1791 ultione
622 1734 719 1792 salsus
734 1733 823 1792 dolor
837 1731 959 1794 tollitur.

171 1816 222 1875 lll.
255 1815 452 1890 „lrascimur‚
467 1816 580 1890 inquit,
595 1831 690 1891 saepe
704 1832 765 1876 non
780 1817 838 1877 illis
855 1816 907 1892 qui
922 1819 1113 1891 laeserunt,l

107 1899 165 1962 sed
185 1898 224 1960 iis
247 1899 299 1974 qui
323 1901 436 1960 laesuri
457 1907 543 1960 sunt:
565 1907 598 1960 ut
619 1900 700 1960 scias
721 1901 796 1961 iram
812 1917 874 1962 non
890 1907 1028 1975 [tantum]
1045 1917 1085 1962 ex

107 1982 215 2046 iniuria
230 1984 347 2045 naeei.“
387 1985 502 2044 Verum
523 1991 570 2044 est
589 1983 682 2045 irasci
702 2000 760 2045 nos
774 1984 920 2058 laesuris,
945 1986 1003 2047 sed
1017 1987 1086 2061 ipsa

108 2067 293 2143 cogitatione
304 2084 365 2129 vnos
381 2068 506 2128 laedunt
522 2075 553 2128 at
566 2067 705 2128 iniuriam
721 2069 773 2144 qui
793 2069 1002 2140 facturuml,
1025 2071 1085 2128 iarn

107 2151 189 2215 lacit.
221 2152 281 2227 „Ut
296 2150 395 2224 scias,
413 2151 525 2227 inquit,
546 2168 608 2213 non
623 2167 695 2212 esse
708 2152 781 2213 iram
802 2169 921 2228 poenae
937 2154 1115 2228 cupidita-n

107 2244 177 2310 tem,
193 2236 391 2298 infirmissimi
402 2252 497 2311 saepe
508 2234 728 2311 potentissimis
738 2236 921 2299 irascuntur.
942 2251 1000 2296 nec
1011 2252 1085 2312 poe-

107 2336 179 2381 nam
195 2321 418 2395 concupiseunt
433 2337 524 2396 quam
538 2336 599 2380 non
614 2324 768 2395 sperent.“
805 2321 938 2382 Primum
953 2320 1085 2380 diximus

109 2403 304 2479 cupiditatem
319 2419 391 2465 esse
408 2419 527 2479 poenae
541 2403 719 2479 exigendae,
733 2420 793 2464 non
809 2407 990 2465 facultatem.
1013 2419 1085 2463 con·

110 2488 272 2563 cupiscunt
287 2497 387 2548 autem
401 2487 540 2549 homines
562 2495 592 2548 et
606 2503 685 2563 quae
706 2504 769 2547 non
791 2495 931 2563 possunt.
969 2486 1086 2547 Deinde

108 2587 200 2633 nemo
224 2579 283 2633 mm
305 2572 428 2633 humilis
449 2579 512 2645 est,
538 2571 590 2647 qui
612 2587 742 2647 poenam
763 2574 814 2631 vel
831 2572 940 2632 summi
953 2570 1086 2632 hominis

108 2671 237 2732 sperare
251 2673 313 2716 non
327 2654 441 2730 possin
465 2656 505 2715 ad
519 2656 693 2716 nocendum
710 2662 848 2731 potentes
866 2672 982 2717 sumus.
1019 2654 1116 2719 Ari-e

109 2741 229 2802 stoteiis
243 2740 339 2801 linitio
354 2755 416 2799 non
430 2740 555 2802 multum
568 2755 588 2799 a
601 2746 707 2800 nostra
719 2739 816 2799 abest.
854 2739 896 2801 ait
913 2741 991 2800 enim
1011 2739 1086 2799 iram

108 2839 182 2886 esse
205 2824 460 2899 cupiditatem
481 2823 632 2884 doloris
652 2824 878 2899 reponendi.
919 2824 995 2899 Quid
1009 2823 1105 2885 inter·

109 2915 246 2971 nostram
261 2915 293 2968 et
305 2907 384 2969 hanc
399 2906 566 2968 linitionem
586 2906 717 2982 intersit,
741 2909 872 2982 exsequi
891 2910 1016 2983 longum
1031 2913 1087 2966 est.

110 2998 219 3055 eontra
232 2999 394 3066 utramque
409 2990 519 3052 dicitur
537 2991 617 3052 ieras
638 2991 730 3052 irasci
750 3007 807 3051 nec
828 2990 937 3053 iniuria
950 2991 1087 3051 incitatas

108 3091 169 3138 nec
194 3090 314 3150 poenae
335 3075 491 3137 dolorisve
510 3074 600 3136 alieni
623 3091 727 3136 causa.
777 3091 845 3135 nam
867 3076 985 3137 edamsi
1011 3075 1088 3135 haec

110 3156 258 3231 efficiunt
282 3176 344 3221 non
358 3159 436 3220 baec
452 3166 566 3234 petunt
605 3158 668 3220 Sed
689 3159 851 3220 dicendum
873 3169 921 3222 est
941 3161 1023 3220 feras
1045 3158 1118 3225 irae

109 3250 262 3307 carerent
282 3243 384 3305 omnia
397 3249 518 3318 praeter
531 3243 694 3304 bominem.
732 3261 802 3303 narn
822 3259 890 3304 cura
910 3242 950 3305 sit
968 3243 1089 3304 inimica

109 3328 236 3402 rationi,
262 3344 415 3404 nusquam
436 3333 536 3387 mmen
558 3328 707 3401 nascitur,
733 3328 791 3388 nisi
813 3327 864 3388 ubi
878 3328 986 3390 rationi
1000 3330 1088 3388 locus

110 3419 170 3474 est.
200 3413 323 3488 inpetus
340 3411 453 3473 babent
469 3413 566 3485 ferae,
586 3412 715 3486 rabiem,
738 3412 899 3484 feritatem,
915 3414 1088 3472 incursum=

110 3497 189 3558 iram
205 3494 326 3573 quidem
345 3511 406 3556 non
422 3495 520 3570 magis
538 3511 628 3570 quam
643 3496 803 3556 luxuriem.
841 3497 916 3556 etin
939 3496 1089 3571 quasdam
