2438 3968
202 259 261 322 198
404 260 437 319 L.
453 259 599 318 ANNAEI
618 258 792 318 SENECAE
814 258 916 318 DIAL.
928 259 964 317 X.

199 412 345 487 delangat
369 427 409 470 ex
433 411 539 471 alienis
563 409 685 470 iudiciis
711 427 865 487 suspensa
890 427 1013 487 semper
1036 414 1170 474 ambitio.

199 496 291 557 aliurn
310 495 464 555 mercandi
483 508 635 570 praeceps
658 493 808 569 cupiditas
834 496 915 555 circa
938 497 1039 556 omnis
1062 504 1171 568 terras,

201 579 302 641 omnia
316 579 411 638 maria
425 593 482 654 spe
496 578 573 639 lucri
583 578 674 638 ducit
696 580 845 653 quosdam
857 586 981 655 torquet
992 580 1104 656 cupido
1118 582 1171 640 nti-

199 664 280 725 litiae
293 678 460 738 numquam
474 679 536 745 nou
550 668 602 722 aut
615 661 723 722 alienis
739 662 882 737 periculis
898 663 1029 724 intentos
1041 673 1094 725 aut
1104 667 1173 726 suis

199 748 327 809 anxios·
339 752 411 807 sunt
424 763 503 822 quos
515 745 659 820 ingratus
674 746 867 826 superiorum
884 749 983 808 cultus
997 749 1171 809 voluntaria

167 824 345 896 tservttute
357 837 525 891 consumat
548 831 659 890 multos
669 838 722 890 aut
731 830 894 892 adfectatio
906 832 1172 894 alienaelortunae

199 923 252 977 aut
264 931 340 977 suae
355 920 452 988 [moa]
469 913 604 975 detinuit.
624 916 800 989 plerosque
814 914 889 975 nibil
907 922 1022 975 centurn
1037 932 1171 992 sequen

198 1001 237 1062 tis
259 1016 338 1074 vaga
358 1005 389 1058 et
403 998 581 1059 inconstans
595 1006 625 1057 et
638 998 697 1057 sibi
711 997 880 1073 displicens
895 998 1003 1059 levitas
1018 1016 1075 1075 per
1089 1018 1172 1062 nova

200 1084 327 1144 consilia
340 1082 471 1142 iactavit.
501 1081 684 1157 quibusdam
700 1082 788 1155 nihil,
812 1099 874 1157 quo
890 1099 1013 1143 cursum
1030 1084 1170 1162 dirigant,

200 1169 314 1243 placet,
343 1166 400 1226 sed
420 1167 582 1226 marcentis
603 1164 823 1241 oscitantisque
844 1168 905 1227 lata
924 1167 1169 1242 deprehendunt,

199 1252 277 1313 adeo
303 1257 337 1311 ut
362 1251 448 1326 quod
472 1251 557 1325 apud
576 1249 741 1310 maximum
762 1257 920 1323 poetarum
947 1267 1032 1312 more
1054 1254 1170 1314 oraculi

200 1337 312 1397 dictum
328 1343 389 1409 est,
412 1351 518 1394 verum
532 1348 678 1394 essenon
694 1333 842 1394 dubitem:

357 1423 469 1494 calpae
480 1435 556 1494 pars
569 1427 612 1479 est
625 1421 701 1478 vitae
714 1433 773 1492 qua
788 1417 862 1496 [nos]
876 1421 1006 1480 vivimus.

199 1514 332 1566 ceterum
346 1504 469 1579 quidem
485 1518 575 1564 omne
589 1502 720 1578 spatium
734 1517 795 1561 non
811 1502 886 1578 vita,
900 1502 956 1562 sed
972 1510 1094 1578 tempus
1110 1513 1168 1565 est

171 1587 344 1664 sUrgentia
363 1588 558 1648 circumstant
577 1587 649 1647 vitia
664 1586 801 1661 undique
820 1600 878 1646 neo
893 1602 1056 1662 resurgere
1070 1590 1168 1647 autin

200 1673 371 1747 dispectum
392 1671 457 1731 veri
472 1671 617 1731 adtollere
631 1671 738 1730 oculos
752 1670 871 1752 sinum,
889 1671 945 1731 sed
955 1685 1075 1731 mersos
1092 1673 1166 1732 etin

200 1744 394 1830 cupiditatem
409 1754 522 1814 infixos
537 1762 685 1830 premunt.
713 1769 877 1852 numquam
888 1754 947 1814 ilbs
957 1769 1117 1815 recurrere
1129 1757 1167 1816 ad

200 1855 234 1899 se
254 1840 333 1898 licet.
367 1839 393 1897 si
416 1840 538 1935 quando
554 1839 656 1914 aliqua
671 1837 792 1898 fortuito
809 1838 896 1913 quies
911 1838 1050 1913 contigit,
1074 1841 1166 1901 veluti

200 1922 351 1998 profundo
366 1923 456 1996 mari,
480 1921 511 1982 in
526 1939 587 1998 quo
600 1929 672 1997 post
681 1931 804 1983 ventum
816 1938 940 1998 quoque
952 1922 1098 1984 volutatio
1111 1920 1165 1997 est,

200 2005 383 2066 fluctuantur
401 2022 622 2082 nee-umquam
644 2005 702 2066 illis
723 2024 742 2066 a
760 2006 974 2082 cupiditatibus
990 2005 1055 2068 suis
1071 2007 1165 2068 otium

169 2092 297 2154 tinstat.
330 2090 376 2149 De
391 2089 457 2150 istis
472 2106 521 2149 me
535 2098 625 2165 putas
640 2089 809 2165 disserere,
831 2107 959 2165 quorum
973 2091 1004 2150 in
1018 2093 1164 2152 confesso

198 2175 277 2235 mala
290 2180 380 2236 sunt?
407 2173 533 2249 adspice
547 2174 631 2249 illos,
651 2175 691 2234 ad
706 2190 834 2250 quorum
849 2173 1019 2235 felicitatem
1036 2190 1164 2237 concur-

198 2258 286 2320 ritur:
308 2256 397 2319 bonis
412 2259 477 2318 suis
492 2254 669 2319 eliquantur.
697 2259 791 2332 Quam
807 2258 907 2319 multis
919 2257 1041 2320 divitiae
1052 2275 1163 2336 graves

198 2350 287 2404 sunt?
309 2359 400 2417 quam
414 2343 576 2402 multorum
585 2343 759 2417 eloquentia
769 2342 921 2405 cotidiano
934 2344 1108 2404 ostentandi
1119 2345 1162 2404 in-

197 2428 277 2503 genii
292 2427 391 2502 spatio
407 2426 585 2502 sanguinem
600 2426 721 2488 educit?
741 2444 833 2503 quam
846 2425 931 2488 multi
945 2425 1097 2488 continuis
1110 2444 1162 2488 vo-

197 2511 363 2587 luptatibus
385 2512 518 2586 pallent?
541 2528 631 2586 quam
645 2511 746 2572 multis
761 2511 834 2572 nihil
849 2511 935 2571 liberi
948 2511 1092 2587 relinquit
1106 2512 1162 2571 cir-

197 2597 353 2656 cumtusus
374 2588 525 2668 clientium
539 2597 694 2671 populust
715 2596 812 2656 omnis
827 2595 962 2671 denique
974 2595 1050 2656 istos
1064 2595 1104 2656 ab
1118 2596 1162 2654 in·

196 2679 275 2740 limis
283 2696 383 2755 usque
391 2679 431 2739 ad
437 2695 574 2740 summos
583 2696 721 2754 pererro:
735 2679 784 2740 hic
791 2680 930 2754 advocat,
942 2679 1097 2740 hicadest.
1112 2679 1161 2738 ille

197 2763 389 2838 periclitatur,
404 2763 454 2823 ille
461 2763 605 2835 defendit
617 2763 795 2824 illeiudicat.
811 2762 1008 2834 nemo-sesibi
1017 2763 1159 2823 vindicat.

196 2846 273 2906 alius
296 2845 326 2906 in
349 2847 439 2907 alium
455 2847 671 2907 consumimur.
703 2848 855 2923 interroga
870 2848 909 2908 de
923 2846 1005 2921 istis,
1030 2863 1161 2923 quorum

194 2930 318 2991 nomina
331 2932 521 2992 ediscuntur=
544 2931 592 2990 his
606 2931 676 2992 illos
687 2931 827 3006 dignosci
840 2930 959 2991 videbis
971 2932 1067 3008 notis=
1089 2931 1160 3006 „ille

165 3013 441 3089 tilliuseultorest,
456 3014 628 3076 hicilliusf‘
646 3031 720 3075 suus
733 3031 822 3077 nemo
834 3020 890 3076 est.
909 3013 1028 3076 Deinde
1035 3015 1158 3075 demen-

194 3100 309 3160 tissima
321 3093 521 3174 quorumdam
532 3099 698 3175 indignatio
711 3104 767 3160 est.
790 3105 958 3175 queruntur
969 3100 1008 3159 de
1019 3099 1159 3174 superio-

192 3199 259 3243 rum
274 3183 409 3256 lastidio,
432 3184 515 3258 quod
529 3183 606 3258 ipsis
619 3183 703 3243 adire
715 3183 885 3245 volentibus
896 3200 958 3243 non
970 3182 1158 3244 vacaverint:

192 3267 284 3326 audet
302 3268 465 3342 quisquam
480 3268 519 3328 de
533 3267 656 3328 alterius
672 3266 817 3342 superbia
832 3266 931 3342 queri,
951 3268 1003 3342 qui
1018 3268 1078 3328 sibi
1090 3265 1160 3342 ipse

193 3365 357 3424 numquam
376 3359 484 3411 vacate
510 3352 564 3412 llle
585 3359 683 3412 tannen
704 3360 749 3425 te,
772 3352 913 3427 quisquis
933 3359 994 3426 est,
1016 3349 1158 3412 insolenti

193 3432 316 3508 quidem
330 3435 430 3504 voltu,
452 3436 509 3494 sed
523 3436 687 3510 aliquando
702 3435 847 3510 respexit.
869 3435 918 3495 ille
930 3451 1021 3496 aures
1033 3451 1106 3496 suas
1118 3433 1158 3492 ad

192 3524 243 3577 tua
264 3515 358 3576 verba
378 3516 507 3577 demisit.
529 3519 579 3578 ille
599 3526 629 3578 te
643 3520 683 3579 ad
697 3521 776 3580 latus
791 3536 881 3579 suum
897 3517 1027 3595 recepit=
1049 3527 1082 3580 tu
1096 3534 1157 3579 non
