2438 3968
136 250 178 315 38
431 252 464 311 L.
483 251 628 312 ANNAEI
651 252 825 316 SENECAE

107 408 309 480 avotuplates
326 404 607 479 intemperantiores
631 404 751 464 homine
768 412 847 466 sunt.
883 406 947 466 Non
965 411 1015 467 est
1032 409 1118 484 quod

136 490 245 550 credas
259 488 302 549 illi
318 489 368 563 qui
384 488 471 548 dicit:

261 590 319 634 ooo
334 590 409 648 aper
425 575 519 633 irasci
530 575 673 646 meminit,
687 590 746 634 noa
756 576 854 647 fidere
867 591 957 635 cursu

260 674 349 718 caca
362 674 417 716 nec
434 659 575 717 armentis
587 659 742 718 incurrere
753 659 882 731 fortibus
896 661 969 718 ursi.

134 740 225 801 irasci
251 742 324 802 dicit
347 739 478 813 incitari,
501 741 627 816 inpingi.
670 741 762 801 irasci
784 743 906 816 quidem
928 757 989 801 non
1016 741 1117 818 magis

106 824 234 886 fisciunt
250 842 341 899 quam
356 825 525 898 ignoscere.
564 825 646 884 Muta
666 825 807 885 animalia
828 824 969 886 humanis
987 827 1118 887 adlecti-

133 910 191 969 bus
208 917 325 982 eareat,
341 906 454 968 habent
469 915 568 968 autern
583 908 698 969 similes
715 908 775 969 illis
791 911 941 984 quosdam
956 908 1117 984 inpulsus:

134 992 269 1068 alioquin
287 994 314 1053 si
331 1008 417 1052 amor
431 992 461 1051 in
476 991 534 1052 illis
549 1001 648 1064 asset,
671 999 701 1052 et
715 994 817 1054 odium
832 1001 925 1054 esset.
962 991 989 1053 si
1011 994 1117 1054 amici·

132 1077 189 1149 tia,
210 1085 240 1138 et
254 1077 402 1136 simultas.
434 1075 460 1136 si
476 1075 644 1150 dissensio,
666 1084 697 1137 et
711 1078 891 1138 concordiae
913 1092 1048 1153 quorum
1063 1077 1117 1138 ali·

135 1177 196 1234 qua
211 1160 241 1219 in
256 1159 315 1219 illis
331 1175 455 1235 quoque
470 1168 592 1221 exstant
605 1161 748 1236 vestigia,
765 1168 896 1222 ceterum
912 1161 1117 1223 humanorum

105 1250 291 1319 lpectoruur
307 1244 433 1320 propria
447 1244 529 1304 bona
546 1245 687 1318 malaque
705 1254 784 1307 sunt.
817 1245 896 1306 Nulli
916 1244 975 1306 nisi
998 1245 1117 1308 homini

134 1343 286 1389 concessa
300 1329 461 1404 prudentia
479 1336 540 1403 est,
556 1329 761 1403 providentia,
779 1329 941 1404 diligentia,
960 1331 1115 1405 cogitatio.

132 1428 190 1472 nec
208 1419 323 1473 tantum
338 1411 499 1474 virtutibus
515 1413 655 1472 humanis
670 1413 824 1485 animalia,
848 1414 903 1474 sed
926 1415 1016 1474 etiarn
1032 1414 1114 1476 vitiis

132 1496 285 1573 prohibita
302 1504 382 1557 sunt.
413 1499 489 1558 Tota
509 1498 628 1560 illorum
650 1506 683 1558 ut
696 1504 783 1556 extra
797 1498 838 1556 ita
851 1497 929 1557 intra
943 1499 1044 1559 forma
1060 1499 1114 1560 hu·

132 1597 241 1640 manae
259 1581 415 1641 dissimilis
432 1588 492 1642 est:
517 1582 644 1657 [regium
667 1590 714 1642 est
734 1581 808 1641 illud
830 1587 859 1640 et
873 1582 1047 1658 principale
1062 1584 1114 1642 ali·

132 1673 178 1726 ter
195 1666 329 1738 dictum]
363 1673 395 1726 ut
411 1682 474 1727 vox
490 1673 538 1727 est
554 1667 694 1741 quidem,
717 1665 771 1726 sed
788 1681 848 1726 non
866 1666 1072 1742 explanabilis
1087 1673 1115 1728 et

134 1749 309 1822 perturbata
323 1756 353 1809 et
366 1750 530 1810 verborum
545 1750 697 1810 inefficax.
727 1756 759 1808 ut
773 1749 885 1824 lingua,
902 1749 957 1809 sed
972 1750 1113 1812 devincta

134 1847 191 1891 nec
208 1833 238 1892 in
254 1840 355 1893 motus
371 1835 473 1893 varios
496 1836 611 1894 soluta:
636 1834 676 1893 ita
693 1831 793 1908 ipsum
814 1834 983 1909 principale
1005 1850 1113 1909 parum

134 1916 254 1989 subtile,
270 1933 376 1990 parum
392 1922 542 1976 exactum.
582 1917 663 1991 capit
680 1933 753 1992 ergo
766 1918 853 1978 visus
868 1918 1056 1993 speciesque
1068 1933 1112 1978 re·

133 2016 200 2059 rum
223 2000 333 2074 quibus
354 2001 393 2060 ad
416 2001 538 2076 inpetus
555 2009 714 2073 evocetur,
738 2003 794 2062 sed
808 2001 945 2062 turbidas
962 2008 991 2060 et
1007 2003 1112 2063 coniu-

104 2092 195 2148 8sas.
235 2099 327 2145 exeo
350 2099 518 2159 procursus
542 2085 656 2145 illorum
679 2086 885 2160 tumultusque
913 2084 1113 2148 vehementes

134 2173 214 2240 sunt,
231 2175 329 2229 metus
345 2175 445 2229 autem
460 2168 743 2244 sollicitudinesque
758 2176 788 2231 el
804 2170 922 2230 tristitia
940 2177 970 2230 et
986 2168 1034 2229 ira
1051 2184 1113 2232 uon

134 2259 213 2326 sunt,
234 2254 291 2313 sed
303 2252 350 2313 his
364 2254 515 2328 quaedam
527 2251 650 2314 similia=
667 2252 738 2314 ideo
751 2255 810 2315 aito
825 2255 937 2314 cadunt
951 2260 982 2313 et
994 2261 1114 2317 mutau-

133 2343 182 2397 tnr
204 2337 234 2398 in
252 2339 436 2398 contrarium
462 2345 491 2398 et
515 2354 583 2398 cum
609 2338 755 2398 acerrime
781 2338 955 2400 saevierunt
978 2353 1114 2415 expave-

133 2429 273 2498 runtque,
293 2430 461 2497 pascuntur
475 2430 505 2483 et
519 2438 557 2481 ex
572 2423 692 2481 fremitu
704 2423 908 2497 discursuque
920 2437 1039 2482 vesano
1052 2430 1114 2486 sta·

134 2505 186 2566 tim
203 2506 291 2581 quies
306 2522 465 2582 soporque
480 2504 627 2581 sequitur.

105 2596 119 2647 1
195 2592 246 2650 lV.
278 2589 1013 2664 Quidessetirasatisexplicitumest.
1039 2608 1115 2668 quo

136 2672 257 2734 distet
271 2676 316 2735 ab
331 2674 537 2735 iracundia
551 2674 731 2748 adparea
748 2689 809 2748 quo
821 2673 923 2734 ebrius
935 2673 974 2732 ab
986 2674 1115 2737 ebrioso

134 2764 164 2817 et
179 2758 287 2819 timens
305 2775 324 2818 a
337 2758 451 2819 timido.
474 2760 570 2820 lratus
586 2765 687 2833 potest
700 2774 760 2818 non
773 2772 844 2817 esse
858 2758 1040 2819 iracundusa
1056 2759 1112 2821 ira-

104 2842 252 2904 icundus
274 2847 358 2916 [non]
379 2849 483 2918 potest
504 2843 667 2918 aliquando
689 2842 783 2902 iratus
805 2859 866 2902 non
882 2857 962 2902 esse.
1006 2842 1113 2906 Cetera

134 2942 214 3001 quae
239 2926 378 3002 pluribus
399 2928 481 3003 apud
505 2926 640 2987 Graecos
660 2927 834 2986 nominibus
851 2928 881 2986 in
897 2925 1021 3001 species
1036 2926 1114 2990 iram
1149 2924 1151 2987 l

134 3011 336 3086 distinguunt,
362 3010 434 3086 quia
459 3012 544 3088 apud
564 3027 622 3072 nos
648 3012 798 3071 voeabula
822 3026 878 3071 sua
902 3026 964 3070 non
988 3009 1114 3087 habeut,
1149 3036 1151 3049 ·

133 3095 320 3171 praeteribo,
345 3096 462 3156 etiamsi
488 3111 622 3155 amarum
652 3110 710 3155 nos
739 3095 943 3170 acerbumque
970 3093 1113 3173 dicimus,

134 3194 191 3238 nee
204 3179 304 3240 miuus
319 3180 557 3253 stomachosum,
572 3179 737 3252 rabiosum,
754 3181 930 3254 clamosum,
945 3176 1112 3256 difficilem,

135 3278 286 3337 asperum,
305 3279 385 3340 quae
402 3265 502 3325 omnia
517 3265 628 3323 irarum
644 3262 831 3323 differentiae
846 3271 925 3324 sunt.
960 3262 1039 3323 inter
1053 3265 1113 3331 hoc

103 3350 290 3408 amorosum
306 3364 404 3423 ponas
420 3348 497 3422 licet,
516 3346 677 3407 delicatum
692 3346 868 3407 iracundiae
884 3362 991 3422 genus.
1016 3364 1113 3423 quae

134 3430 203 3490 dam
229 3433 307 3492 enim
335 3440 406 3493 sunt
430 3433 508 3504 irae,
542 3446 621 3506 quae
648 3432 724 3490 intra
750 3433 912 3492 clamorem
938 3432 1113 3495 concidant

135 3518 285 3592 quaedam
298 3532 359 3577 non
375 3517 475 3578 minus
488 3516 660 3593 pertinaces
681 3531 771 3591 quam
789 3515 973 3592 trequentes.
1018 3532 1110 3593 quae
