2438 3968
61 277 114 336 ΑΙ)
121 275 526 337 HELVIAMMATREMDE
535 272 1023 341 consummemus-rezi?

60 430 129 489 illae
151 429 402 502 consolabuntur,
424 429 491 488 illae
512 428 717 501 delectabunt,
738 429 808 488 illae
823 428 849 488 si
863 428 945 490 bona
959 431 1053 500 fides

58 514 89 572 in
111 513 242 573 animum
263 520 345 573 tuum
367 513 554 585 intraverint,
577 527 740 586 numquam
760 512 889 586 amplius
903 514 1024 580 lnuablt

58 597 161 669 dolor,
181 612 343 672 numquam
364 595 551 669 sollicitudo,
574 611 736 669 numquam
752 595 935 657 adflictionis
951 598 1022 659 inrl·

59 688 109 740 tae
123 695 315 756 supervacua
324 680 455 739 vexatio.
477 677 549 739 nulli
560 678 668 740 horum
679 679 794 753 patebit
805 685 912 754 pectus
923 687 1021 742 tuum=

57 778 129 823 narn
149 765 258 825 ceteris
279 763 359 824 vitiis
379 761 555 838 iampridem
577 763 694 822 clusum
710 770 766 823 est.
802 763 885 824 Haec
900 764 1023 839 quidem

57 847 227 908 certissima
242 847 395 923 praesidia
409 853 479 906 sunt
493 853 523 905 et
538 862 616 921 quae
631 847 698 907 sola
711 853 741 906 te
755 848 893 907 fortunae
905 849 1023 924 eripere

58 930 189 1006 possint.

119 1012 225 1074 xvtll.
259 1014 320 1075 Sed
344 1015 425 1089 quia,
453 1013 524 1072 dum
543 1013 573 1071 in
594 1012 675 1074 illum
696 1022 830 1089 portum,
858 1028 949 1089 quem
970 1015 1052 1081 tibil

56 1097 160 1159 studia
174 1098 364 1174 promittunt,
380 1097 569 1173 perveneris,
585 1096 773 1158 adminiculis
789 1098 900 1174 quibus
915 1099 1022 1160 innita·

56 1181 1020 1258 ris,opusest,volointerimsolatiatibituaosten-

56 1267 159 1326 dere.
190 1266 356 1341 Respice
377 1265 518 1325 lratrcs
533 1280 651 1331 meos,
672 1264 783 1338 qubus
799 1263 1022 1327 salvlelastlbi

56 1366 119 1410 non
140 1356 188 1410 est
206 1363 352 1410 accusare
373 1351 533 1408 fortunam.
567 1349 600 1407 In
617 1355 748 1423 utroque
763 1349 873 1424 habes,
895 1350 979 1425 quod
993 1356 1053 1413 tea

56 1433 182 1494 diversa
202 1433 311 1494 virtute
331 1432 475 1492 delectet:
503 1433 576 1492 alter
594 1431 727 1493 honores
749 1432 897 1494 industria
914 1448 1020 1494 conse-

56 1524 146 1578 cutus
161 1525 222 1589 est,
238 1518 312 1577 alter
326 1517 479 1591 sapienter
495 1515 683 1590 contempsit.
716 1517 881 1592 adquiesce
897 1516 1021 1577 alteriue

55 1601 110 1662 lilii
126 1600 284 1675 dignitate,
300 1599 423 1660 alterius
439 1600 549 1674 quiete,
564 1600 724 1674 utriusque
737 1600 856 1674 pietate.
876 1599 949 1661 nori
964 1602 1021 1660 lra-

54 1693 135 1744 trum
160 1700 296 1744 meorum
314 1684 435 1744 intimos
457 1683 607 1742 adlectus:
633 1684 707 1742 alter
729 1682 759 1741 in
772 1683 831 1744 hoc
846 1684 1022 1759 dignitatern

54 1767 183 1840 excolit,
201 1775 234 1828 ut
248 1767 299 1828 tibi
314 1774 489 1827 ornamento
505 1765 551 1840 sit,
569 1767 643 1826 alter
656 1767 685 1825 in
700 1766 759 1826 boc
774 1782 809 1827 se
823 1768 863 1826 ad
877 1767 1022 1845 tranquil·

55 1853 116 1911 lant
133 1850 326 1926 quietamque
342 1851 430 1911 vitant
447 1850 568 1924 recepit,
582 1856 618 1908 ut
629 1848 682 1909 tibi
694 1858 792 1910 vacet.
812 1851 896 1911 Bene
909 1852 1023 1913 liberos
1037 1864 1055 1918 3

55 1943 126 1996 tuos
141 1941 170 1994 ot
183 1935 213 1993 in
228 1933 371 1994 auxilium
384 1941 414 1994 et
424 1933 452 1992 in
466 1932 715 1993 oblectamentum
727 1934 846 1993 lomune
856 1935 1021 2011 disposuit:

56 2026 145 2094 potes
161 2018 284 2078 alterius
298 2017 441 2091 dignitate
457 2016 592 2086 delendi,
609 2017 732 2078 alterius
747 2017 808 2079 otio
823 2018 890 2078 lrui.
925 2028 1020 2080 certa-

56 2102 131 2163 bunt
155 2103 185 2161 in
210 2109 241 2161 te
265 2100 375 2162 olflciis
397 2107 427 2160 et
450 2100 539 2160 unius
563 2098 746 2162 desiderium
768 2102 896 2162 duorum
910 2103 1021 2177 pietate

55 2186 253 2263 supplebitur.
276 2186 429 2245 Audacter
443 2199 570 2260 possum
587 2184 767 2260 promittere,
780 2185 852 2245 nihil
862 2186 914 2245 tibi
927 2186 1023 2246 deerit

55 2276 357 2346 praeternamerum.
391 2267 445 2329 Ab
466 2268 525 2328 his
547 2268 773 2342 adnepotes
795 2283 1053 2344 quoquere-l

54 2351 670 2428 spicezblarcumblandissimum
684 2364 856 2427 puerum,
875 2354 914 2413 ad
935 2354 1021 2414 cuiue

54 2442 256 2510 conspectum
279 2437 361 2495 nulla
381 2441 481 2510 potest
501 2435 611 2494 durare
628 2432 757 2496 tristitia.
791 2435 864 2495 nihil
883 2445 944 2496 tarn
958 2451 1020 2495 ma·

55 2536 159 2597 gnum,
174 2518 246 2577 nihil
262 2525 321 2578 tam
335 2533 443 2579 recens
458 2517 488 2577 in
500 2518 680 2592 cuiusquam
692 2522 817 2593 pectore
829 2517 925 2591 luerit,
939 2519 1022 2594 quod

55 2618 117 2665 non
134 2601 334 2663 circumfusus
346 2602 396 2662 ille
408 2602 600 2677 permulceat.
616 2600 706 2662 Cuius
717 2618 778 2662 non
790 2602 930 2663 lacrimas
941 2602 1052 2673 illiues

55 2687 191 2748 hilaritas
212 2686 401 2760 supprimat?
433 2684 519 2745 cuius
538 2699 599 2745 non
621 2691 806 2746 contractum
820 2687 1022 2748 sollicitudine

56 2772 188 2833 animum
208 2768 288 2829 illius
310 2770 443 2844 argutiae
457 2769 597 2829 solvantt
625 2784 715 2844 quem
731 2786 791 2830 non
805 2770 836 2830 ln
849 2770 936 2832 iocos
949 2784 1021 2832 evc-

56 2856 139 2917 eebll
158 2856 207 2914 illa
227 2853 375 2913 lasciviat
404 2867 493 2928 quem
512 2866 573 2911 non
587 2852 616 2911 in
632 2868 667 2913 se
681 2859 837 2915 convertet
850 2861 880 2916 et
892 2854 1023 2916 abducet

56 2940 183 3000 infixum
204 2936 437 3012 cogitationibus
457 2936 507 2996 illa
520 2936 670 2997 neminem
684 2938 828 2998 satiatura
841 2939 1022 3014 garrulitast

56 3025 139 3085 Deos
160 3038 230 3094 oro,
257 3021 410 3095 contingat
429 3020 510 3081 bunc
523 3019 636 3089 habere
649 3020 738 3080 nobis
753 3021 960 3097 superstitem:
991 3021 1056 3082 inb

56 3121 107 3167 me
126 3107 223 3168 omnis
239 3106 367 3165 latorum
384 3104 548 3166 mudebtas
562 3104 676 3165 lassato
690 3107 851 3166 consistatz
878 3104 1022 3181 quicquid

57 3191 143 3252 matri
158 3190 321 3251 dolendum
337 3189 404 3261 luit,
426 3189 456 3247 in
471 3202 519 3247 me
532 3189 698 3263 transierit,
719 3188 864 3265 quicquid
876 3187 976 3263 aviae,
991 3188 1021 3248 in

56 3288 115 3335 me.
146 3272 267 3335 Floreat
280 3273 397 3349 reliqua
411 3274 441 3332 in
456 3288 513 3333 suo
529 3279 609 3334 statu
623 3271 725 3334 turba=
746 3271 818 3333 nihil
835 3273 873 3332 de
886 3273 1020 3345 orbitate,

56 3358 130 3420 nllnl
149 3358 188 3419 dc
203 3357 382 3420 condicione
396 3371 464 3418 mea
480 3373 598 3432 querar.
621 3357 728 3417 luerim
742 3363 857 3418 tanturn
871 3356 943 3416 nibil
960 3371 1021 3416 arc

56 3443 137 3520 pilus
150 3442 298 3504 doliturae
310 3442 417 3503 domus
430 3443 619 3517 piamentum.
640 3441 739 3503 Tene
752 3440 788 3502 in
802 3441 944 3516 gremio
957 3447 1021 3501 tuo
1036 3445 1053 3501 7

57 3528 137 3589 cito
150 3527 219 3586 tibi
235 3527 405 3587 daturam
420 3523 915 3601 pronepotesNovatillam
931 3539 1021 3600 quarn

101 3630 199 3671 senece
217 3631 285 3669 num.
300 3614 319 3669 I.
827 3615 861 3672 tt
