<?xml version="1.0" encoding="UTF-8"?>
<!DOCTYPE html PUBLIC "-//W3C//DTD XHTML 1.0 Transitional//EN"
    "http://www.w3.org/TR/xhtml1/DTD/xhtml1-transitional.dtd">
<html xmlns="http://www.w3.org/1999/xhtml" xml:lang="en" lang="en">
 <head>
  <title>
</title>
<meta http-equiv="Content-Type" content="text/html;charset=utf-8" />
  <meta name='ocr-system' content='tesseract 3.04.00' />
  <meta name='ocr-capabilities' content='ocr_page ocr_carea ocr_par ocr_line ocrx_word'/>
</head>
<body>
  <div class='ocr_page' id='page_1' title='image "./lannaeisenecaeo05senegoog_0218.png"; bbox 0 0 2438 3968; ppageno 0'>
   <div class='ocr_carea' id='block_1_1' title="bbox 290 261 1032 326">
    <p class='ocr_par' dir='ltr' id='par_1_1' title="bbox 290 261 1032 326">
     <span class='ocr_line' id='line_1_1' title="bbox 290 261 1032 326; baseline 0 -2"><span class='ocrx_word' id='word_1_1' title='bbox 290 263 340 324; x_wconf 82' lang='lat' dir='ltr'><strong>DE</strong></span> <span class='ocrx_word' id='word_1_2' title='bbox 353 262 573 323; x_wconf 80' lang='lat' dir='ltr'><strong>BREVITATE</strong></span> <span class='ocrx_word' id='word_1_3' title='bbox 587 264 715 322; x_wconf 86' lang='lat' dir='ltr'><strong>VITAE.</strong></span> <span class='ocrx_word' id='word_1_4' title='bbox 737 272 762 325; x_wconf 88' lang='grc'><strong>6.</strong></span> <span class='ocrx_word' id='word_1_5' title='bbox 778 271 804 326; x_wconf 84' lang='grc'><strong>7.</strong></span> <span class='ocrx_word' id='word_1_6' title='bbox 970 261 1032 324; x_wconf 75' lang='lat'><strong>203</strong></span> 
     </span>
    </p>
   </div>
   <div class='ocr_carea' id='block_1_2' title="bbox 39 412 1061 3502">
    <p class='ocr_par' dir='ltr' id='par_1_2' title="bbox 39 412 1061 3502">
     <span class='ocr_line' id='line_1_2' title="bbox 61 412 1031 490; baseline 0 -15"><span class='ocrx_word' id='word_1_7' title='bbox 61 417 136 476; x_wconf 91' lang='lat' dir='ltr'><strong>dum</strong></span> <span class='ocrx_word' id='word_1_8' title='bbox 158 415 199 476; x_wconf 89' lang='lat' dir='ltr'><strong>ita</strong></span> <span class='ocrx_word' id='word_1_9' title='bbox 221 414 399 490; x_wconf 83' lang='lat' dir='ltr'><strong>percepisse</strong></span> <span class='ocrx_word' id='word_1_10' title='bbox 418 415 477 474; x_wconf 90' lang='lat' dir='ltr'><strong>visi</strong></span> <span class='ocrx_word' id='word_1_11' title='bbox 500 423 584 484; x_wconf 87' lang='lat' dir='ltr'><strong>sunt,</strong></span> <span class='ocrx_word' id='word_1_12' title='bbox 606 422 641 473; x_wconf 87' lang='lat' dir='ltr'><strong>ut</strong></span> <span class='ocrx_word' id='word_1_13' title='bbox 660 415 748 472; x_wconf 87' lang='lat' dir='ltr'><strong>etiam</strong></span> <span class='ocrx_word' id='word_1_14' title='bbox 765 412 943 488; x_wconf 85' lang='lat' dir='ltr'><strong>praecipere</strong></span> <span class='ocrx_word' id='word_1_15' title='bbox 958 430 1031 489; x_wconf 88' lang='lat' dir='ltr'><strong>pos-</strong></span> 
     </span>
     <span class='ocr_line' id='line_1_3' title="bbox 62 494 1030 571; baseline -0.004 -12"><span class='ocrx_word' id='word_1_16' title='bbox 62 506 146 559; x_wconf 84' lang='lat' dir='ltr'><strong>sent:</strong></span> <span class='ocrx_word' id='word_1_17' title='bbox 169 499 271 558; x_wconf 90' lang='lat' dir='ltr'><strong>vivere</strong></span> <span class='ocrx_word' id='word_1_18' title='bbox 286 503 349 558; x_wconf 78' lang='lat' dir='ltr'><strong>tota</strong></span> <span class='ocrx_word' id='word_1_19' title='bbox 364 494 425 558; x_wconf 77' lang='lat' dir='ltr'><strong>vita</strong></span> <span class='ocrx_word' id='word_1_20' title='bbox 440 498 620 558; x_wconf 90' lang='lat' dir='ltr'><strong>discendum</strong></span> <span class='ocrx_word' id='word_1_21' title='bbox 635 504 682 557; x_wconf 93' lang='lat' dir='ltr'><strong>est</strong></span> <span class='ocrx_word' id='word_1_22' title='bbox 696 503 739 567; x_wconf 89' lang='lat' dir='ltr'><strong>et,</strong></span> <span class='ocrx_word' id='word_1_23' title='bbox 763 496 848 571; x_wconf 90' lang='lat' dir='ltr'><strong>quod</strong></span> <span class='ocrx_word' id='word_1_24' title='bbox 861 498 959 571; x_wconf 87' lang='lat' dir='ltr'><strong>magis</strong></span> <span class='ocrx_word' id='word_1_25' title='bbox 971 499 1030 558; x_wconf 89' lang='lat' dir='ltr'><strong>ior-</strong></span> 
     </span>
     <span class='ocr_line' id='line_1_4' title="bbox 64 580 1061 655; baseline 0 -12"><span class='ocrx_word' id='word_1_26' title='bbox 64 592 148 643; x_wconf 87' lang='lat' dir='ltr'><strong>tasse</strong></span> <span class='ocrx_word' id='word_1_27' title='bbox 160 581 325 655; x_wconf 84' lang='lat' dir='ltr'><strong>mirabere,</strong></span> <span class='ocrx_word' id='word_1_28' title='bbox 339 583 405 642; x_wconf 74' lang='lat' dir='ltr'><strong>tota</strong></span> <span class='ocrx_word' id='word_1_29' title='bbox 414 583 475 641; x_wconf 76' lang='lat' dir='ltr'><strong>vita</strong></span> <span class='ocrx_word' id='word_1_30' title='bbox 486 581 665 641; x_wconf 91' lang='lat' dir='ltr'><strong>discendum</strong></span> <span class='ocrx_word' id='word_1_31' title='bbox 676 588 724 640; x_wconf 93' lang='lat' dir='ltr'><strong>est</strong></span> <span class='ocrx_word' id='word_1_32' title='bbox 735 581 821 641; x_wconf 87' lang='lat' dir='ltr'><strong>mori.</strong></span> <span class='ocrx_word' id='word_1_33' title='bbox 842 581 900 640; x_wconf 85' lang='lat' dir='ltr'><strong>Tot</strong></span> <span class='ocrx_word' id='word_1_34' title='bbox 909 580 1061 644; x_wconf 67' lang='lat' dir='ltr'><strong>maximia</strong></span> 
     </span>
     <span class='ocr_line' id='line_1_5' title="bbox 62 663 1030 740; baseline 0 -15"><span class='ocrx_word' id='word_1_35' title='bbox 62 666 118 725; x_wconf 91' lang='lat' dir='ltr'><strong>viri</strong></span> <span class='ocrx_word' id='word_1_36' title='bbox 133 665 246 726; x_wconf 90' lang='lat' dir='ltr'><strong>relictis</strong></span> <span class='ocrx_word' id='word_1_37' title='bbox 262 664 401 725; x_wconf 90' lang='lat' dir='ltr'><strong>omnibus</strong></span> <span class='ocrx_word' id='word_1_38' title='bbox 418 664 646 740; x_wconf 81' lang='lat' dir='ltr'><strong>inpedimentis,</strong></span> <span class='ocrx_word' id='word_1_39' title='bbox 675 678 742 725; x_wconf 90' lang='lat' dir='ltr'><strong>cum</strong></span> <span class='ocrx_word' id='word_1_40' title='bbox 758 663 884 738; x_wconf 90' lang='lat' dir='ltr'><strong>divitiis,</strong></span> <span class='ocrx_word' id='word_1_41' title='bbox 910 665 1030 736; x_wconf 85' lang='lat' dir='ltr'><strong>officiis,</strong></span> 
     </span>
     <span class='ocr_line' id='line_1_6' title="bbox 60 746 1031 824; baseline 0 -16"><span class='ocrx_word' id='word_1_42' title='bbox 60 750 268 824; x_wconf 87' lang='lat' dir='ltr'><strong>voluptatibus</strong></span> <span class='ocrx_word' id='word_1_43' title='bbox 279 749 522 821; x_wconf 77' lang='lat' dir='ltr'><strong>renuntiassent,</strong></span> <span class='ocrx_word' id='word_1_44' title='bbox 536 749 595 808; x_wconf 90' lang='lat' dir='ltr'><strong>hoc</strong></span> <span class='ocrx_word' id='word_1_45' title='bbox 606 764 699 808; x_wconf 92' lang='lat' dir='ltr'><strong>unam</strong></span> <span class='ocrx_word' id='word_1_46' title='bbox 710 746 741 807; x_wconf 89' lang='lat' dir='ltr'><strong>in</strong></span> <span class='ocrx_word' id='word_1_47' title='bbox 752 754 919 808; x_wconf 82' lang='lat' dir='ltr'><strong>extremam</strong></span> <span class='ocrx_word' id='word_1_48' title='bbox 930 763 1031 823; x_wconf 91' lang='lat' dir='ltr'><strong>usque</strong></span> 
     </span>
     <span class='ocr_line' id='line_1_7' title="bbox 63 830 1030 907; baseline -0.002 -14"><span class='ocrx_word' id='word_1_49' title='bbox 63 842 191 894; x_wconf 88' lang='lat' dir='ltr'><strong>aetatem</strong></span> <span class='ocrx_word' id='word_1_50' title='bbox 212 840 352 907; x_wconf 89' lang='lat' dir='ltr'><strong>egerunt,</strong></span> <span class='ocrx_word' id='word_1_51' title='bbox 374 842 407 893; x_wconf 90' lang='lat' dir='ltr'><strong>ut</strong></span> <span class='ocrx_word' id='word_1_52' title='bbox 421 832 524 891; x_wconf 91' lang='lat' dir='ltr'><strong>vivere</strong></span> <span class='ocrx_word' id='word_1_53' title='bbox 538 830 665 892; x_wconf 87' lang='lat' dir='ltr'><strong>scirent:</strong></span> <span class='ocrx_word' id='word_1_54' title='bbox 695 834 798 907; x_wconf 88' lang='lat' dir='ltr'><strong>plures</strong></span> <span class='ocrx_word' id='word_1_55' title='bbox 812 839 913 891; x_wconf 86' lang='lat' dir='ltr'><strong>tamen</strong></span> <span class='ocrx_word' id='word_1_56' title='bbox 929 846 968 889; x_wconf 85' lang='lat' dir='ltr'><strong>ex</strong></span> <span class='ocrx_word' id='word_1_57' title='bbox 982 831 1030 891; x_wconf 90' lang='lat' dir='ltr'><strong>his</strong></span> 
     </span>
     <span class='ocr_line' id='line_1_8' title="bbox 61 915 1030 989; baseline -0.005 -10"><span class='ocrx_word' id='word_1_58' title='bbox 61 918 198 980; x_wconf 85' lang='lat' dir='ltr'><strong>nondum</strong></span> <span class='ocrx_word' id='word_1_59' title='bbox 224 932 260 976; x_wconf 92' lang='lat' dir='ltr'><strong>se</strong></span> <span class='ocrx_word' id='word_1_60' title='bbox 280 917 359 977; x_wconf 91' lang='lat' dir='ltr'><strong>scire</strong></span> <span class='ocrx_word' id='word_1_61' title='bbox 380 916 515 977; x_wconf 74' lang='lat' dir='ltr'><strong>confessi</strong></span> <span class='ocrx_word' id='word_1_62' title='bbox 536 918 597 976; x_wconf 90' lang='lat' dir='ltr'><strong>vita</strong></span> <span class='ocrx_word' id='word_1_63' title='bbox 617 915 770 989; x_wconf 86' lang='lat' dir='ltr'><strong>abierunt,</strong></span> <span class='ocrx_word' id='word_1_64' title='bbox 795 916 908 975; x_wconf 90' lang='lat' dir='ltr'><strong>nedum</strong></span> <span class='ocrx_word' id='word_1_65' title='bbox 928 923 962 975; x_wconf 85' lang='lat' dir='ltr'><strong>ut</strong></span> <span class='ocrx_word' id='word_1_66' title='bbox 980 915 1030 974; x_wconf 89' lang='lat' dir='ltr'><strong>isti</strong></span> 
     </span>
     <span class='ocr_line' id='line_1_9' title="bbox 61 999 1058 1074; baseline 0 -12"><span class='ocrx_word' id='word_1_67' title='bbox 61 1003 167 1062; x_wconf 89' lang='lat' dir='ltr'><strong>sciant.</strong></span> <span class='ocrx_word' id='word_1_68' title='bbox 204 1000 322 1074; x_wconf 86' lang='lat' dir='ltr'><strong>Magni,</strong></span> <span class='ocrx_word' id='word_1_69' title='bbox 349 1000 422 1073; x_wconf 88' lang='lat' dir='ltr'><strong>mihi</strong></span> <span class='ocrx_word' id='word_1_70' title='bbox 443 1001 549 1072; x_wconf 90' lang='lat' dir='ltr'><strong>crede,</strong></span> <span class='ocrx_word' id='word_1_71' title='bbox 578 1005 608 1059; x_wconf 88' lang='lat' dir='ltr'><strong>et</strong></span> <span class='ocrx_word' id='word_1_72' title='bbox 627 1016 720 1074; x_wconf 90' lang='lat' dir='ltr'><strong>supra</strong></span> <span class='ocrx_word' id='word_1_73' title='bbox 741 999 891 1059; x_wconf 90' lang='lat' dir='ltr'><strong>humanos</strong></span> <span class='ocrx_word' id='word_1_74' title='bbox 908 1010 1058 1062; x_wconf 82' lang='lat' dir='ltr'><strong>errores5</strong></span> 
     </span>
     <span class='ocr_line' id='line_1_10' title="bbox 39 1082 1030 1158; baseline -0.002 -15"><span class='ocrx_word' id='word_1_75' title='bbox 39 1090 40 1094; x_wconf 75' lang='grc'>’</span> <span class='ocrx_word' id='word_1_76' title='bbox 59 1084 221 1144; x_wconf 84' lang='lat' dir='ltr'><strong>eminentis</strong></span> <span class='ocrx_word' id='word_1_77' title='bbox 237 1084 291 1142; x_wconf 90' lang='lat' dir='ltr'><strong>viri</strong></span> <span class='ocrx_word' id='word_1_78' title='bbox 306 1084 439 1143; x_wconf 87' lang='lat' dir='ltr'><strong>estnihil</strong></span> <span class='ocrx_word' id='word_1_79' title='bbox 454 1100 492 1143; x_wconf 87' lang='lat' dir='ltr'><strong>ex</strong></span> <span class='ocrx_word' id='word_1_80' title='bbox 508 1100 565 1146; x_wconf 93' lang='lat' dir='ltr'><strong>suo</strong></span> <span class='ocrx_word' id='word_1_81' title='bbox 581 1093 717 1158; x_wconf 87' lang='lat' dir='ltr'><strong>tempore</strong></span> <span class='ocrx_word' id='word_1_82' title='bbox 729 1082 857 1143; x_wconf 90' lang='lat' dir='ltr'><strong>delibari</strong></span> <span class='ocrx_word' id='word_1_83' title='bbox 867 1083 978 1143; x_wconf 91' lang='lat' dir='ltr'><strong>sinere.</strong></span> <span class='ocrx_word' id='word_1_84' title='bbox 1000 1090 1030 1142; x_wconf 91' lang='lat' dir='ltr'><strong>et</strong></span> 
     </span>
     <span class='ocr_line' id='line_1_11' title="bbox 60 1167 1028 1243; baseline -0.002 -16"><span class='ocrx_word' id='word_1_85' title='bbox 60 1169 130 1228; x_wconf 90' lang='lat' dir='ltr'><strong>ideo</strong></span> <span class='ocrx_word' id='word_1_86' title='bbox 146 1168 212 1227; x_wconf 92' lang='lat' dir='ltr'><strong>eius</strong></span> <span class='ocrx_word' id='word_1_87' title='bbox 227 1168 288 1227; x_wconf 91' lang='lat' dir='ltr'><strong>vila</strong></span> <span class='ocrx_word' id='word_1_88' title='bbox 302 1168 480 1243; x_wconf 86' lang='lat' dir='ltr'><strong>longissima</strong></span> <span class='ocrx_word' id='word_1_89' title='bbox 491 1176 553 1242; x_wconf 91' lang='lat' dir='ltr'><strong>est,</strong></span> <span class='ocrx_word' id='word_1_90' title='bbox 575 1167 662 1242; x_wconf 86' lang='lat' dir='ltr'><strong>quia,</strong></span> <span class='ocrx_word' id='word_1_91' title='bbox 683 1175 962 1242; x_wconf 86' lang='lat' dir='ltr'><strong>quantumcumque</strong></span> <span class='ocrx_word' id='word_1_92' title='bbox 976 1182 1028 1241; x_wconf 91' lang='lat' dir='ltr'><strong>pa-</strong></span> 
     </span>
     <span class='ocr_line' id='line_1_12' title="bbox 60 1251 1030 1325; baseline -0.002 -14"><span class='ocrx_word' id='word_1_93' title='bbox 60 1252 129 1324; x_wconf 91' lang='lat' dir='ltr'><strong>tuit,</strong></span> <span class='ocrx_word' id='word_1_94' title='bbox 151 1259 246 1311; x_wconf 85' lang='lat' dir='ltr'><strong>totum</strong></span> <span class='ocrx_word' id='word_1_95' title='bbox 265 1252 325 1325; x_wconf 92' lang='lat' dir='ltr'><strong>ipsi</strong></span> <span class='ocrx_word' id='word_1_96' title='bbox 341 1251 468 1311; x_wconf 87' lang='lat' dir='ltr'><strong>vacavit.</strong></span> <span class='ocrx_word' id='word_1_97' title='bbox 504 1252 576 1311; x_wconf 90' lang='lat' dir='ltr'><strong>nihil</strong></span> <span class='ocrx_word' id='word_1_98' title='bbox 590 1252 662 1311; x_wconf 89' lang='lat' dir='ltr'><strong>inde</strong></span> <span class='ocrx_word' id='word_1_99' title='bbox 676 1251 820 1311; x_wconf 86' lang='lat' dir='ltr'><strong>incultum</strong></span> <span class='ocrx_word' id='word_1_100' title='bbox 835 1251 1030 1325; x_wconf 86' lang='lat' dir='ltr'><strong>otiosumque</strong></span> 
     </span>
     <span class='ocr_line' id='line_1_13' title="bbox 61 1333 1028 1410; baseline -0.004 -15"><span class='ocrx_word' id='word_1_101' title='bbox 61 1335 221 1409; x_wconf 89' lang='lat' dir='ltr'><strong>[vacavit],</strong></span> <span class='ocrx_word' id='word_1_102' title='bbox 244 1334 317 1394; x_wconf 90' lang='lat' dir='ltr'><strong>nihil</strong></span> <span class='ocrx_word' id='word_1_103' title='bbox 337 1337 395 1396; x_wconf 92' lang='lat' dir='ltr'><strong>sub</strong></span> <span class='ocrx_word' id='word_1_104' title='bbox 418 1337 475 1395; x_wconf 90' lang='lat' dir='ltr'><strong>alio</strong></span> <span class='ocrx_word' id='word_1_105' title='bbox 497 1337 559 1396; x_wconf 89' lang='lat' dir='ltr'><strong>fuit.</strong></span> <span class='ocrx_word' id='word_1_106' title='bbox 590 1349 690 1408; x_wconf 88' lang='lat' dir='ltr'><strong>neque</strong></span> <span class='ocrx_word' id='word_1_107' title='bbox 708 1333 789 1393; x_wconf 92' lang='lat' dir='ltr'><strong>enim</strong></span> <span class='ocrx_word' id='word_1_108' title='bbox 805 1334 968 1410; x_wconf 89' lang='lat' dir='ltr'><strong>quicquam</strong></span> <span class='ocrx_word' id='word_1_109' title='bbox 981 1349 1028 1392; x_wconf 91' lang='lat' dir='ltr'><strong>re-</strong></span> 
     </span>
     <span class='ocr_line' id='line_1_14' title="bbox 60 1419 1029 1494; baseline -0.002 -16"><span class='ocrx_word' id='word_1_110' title='bbox 60 1421 141 1494; x_wconf 91' lang='lat' dir='ltr'><strong>perit</strong></span> <span class='ocrx_word' id='word_1_111' title='bbox 155 1419 293 1493; x_wconf 91' lang='lat' dir='ltr'><strong>dignum,</strong></span> <span class='ocrx_word' id='word_1_112' title='bbox 318 1420 403 1494; x_wconf 92' lang='lat' dir='ltr'><strong>quod</strong></span> <span class='ocrx_word' id='word_1_113' title='bbox 418 1435 486 1480; x_wconf 92' lang='lat' dir='ltr'><strong>cum</strong></span> <span class='ocrx_word' id='word_1_114' title='bbox 500 1428 637 1494; x_wconf 86' lang='lat' dir='ltr'><strong>tempore</strong></span> <span class='ocrx_word' id='word_1_115' title='bbox 651 1434 709 1478; x_wconf 92' lang='lat' dir='ltr'><strong>suo</strong></span> <span class='ocrx_word' id='word_1_116' title='bbox 726 1425 909 1493; x_wconf 86' lang='lat' dir='ltr'><strong>permutaret</strong></span> <span class='ocrx_word' id='word_1_117' title='bbox 923 1425 1029 1477; x_wconf 90' lang='lat' dir='ltr'><strong>custos</strong></span> 
     </span>
     <span class='ocr_line' id='line_1_15' title="bbox 62 1501 1029 1578; baseline -0.003 -16"><span class='ocrx_word' id='word_1_118' title='bbox 62 1503 128 1562; x_wconf 93' lang='lat' dir='ltr'><strong>eius</strong></span> <span class='ocrx_word' id='word_1_119' title='bbox 151 1503 358 1577; x_wconf 86' lang='lat' dir='ltr'><strong>parcissimus.</strong></span> <span class='ocrx_word' id='word_1_120' title='bbox 385 1504 488 1578; x_wconf 85' lang='lat' dir='ltr'><strong>itaque</strong></span> <span class='ocrx_word' id='word_1_121' title='bbox 509 1504 583 1564; x_wconf 91' lang='lat' dir='ltr'><strong>satis</strong></span> <span class='ocrx_word' id='word_1_122' title='bbox 602 1502 645 1561; x_wconf 92' lang='lat' dir='ltr'><strong>illi</strong></span> <span class='ocrx_word' id='word_1_123' title='bbox 660 1501 728 1561; x_wconf 78' lang='lat' dir='ltr'><strong>fuit:</strong></span> <span class='ocrx_word' id='word_1_124' title='bbox 755 1502 794 1561; x_wconf 93' lang='lat' dir='ltr'><strong>iis</strong></span> <span class='ocrx_word' id='word_1_125' title='bbox 807 1516 882 1561; x_wconf 86' lang='lat' dir='ltr'><strong>vero</strong></span> <span class='ocrx_word' id='word_1_126' title='bbox 897 1516 1029 1561; x_wconf 90' lang='lat' dir='ltr'><strong>necesse</strong></span> 
     </span>
     <span class='ocr_line' id='line_1_16' title="bbox 61 1584 1057 1661; baseline -0.002 -15"><span class='ocrx_word' id='word_1_127' title='bbox 61 1594 110 1646; x_wconf 92' lang='lat' dir='ltr'><strong>est</strong></span> <span class='ocrx_word' id='word_1_128' title='bbox 125 1587 274 1658; x_wconf 79' lang='lat' dir='ltr'><strong>defuisse,</strong></span> <span class='ocrx_word' id='word_1_129' title='bbox 297 1602 335 1644; x_wconf 84' lang='lat' dir='ltr'><strong>ex</strong></span> <span class='ocrx_word' id='word_1_130' title='bbox 351 1602 480 1661; x_wconf 87' lang='lat' dir='ltr'><strong>quorum</strong></span> <span class='ocrx_word' id='word_1_131' title='bbox 494 1585 556 1646; x_wconf 90' lang='lat' dir='ltr'><strong>vita</strong></span> <span class='ocrx_word' id='word_1_132' title='bbox 569 1586 695 1646; x_wconf 90' lang='lat' dir='ltr'><strong>multum</strong></span> <span class='ocrx_word' id='word_1_133' title='bbox 710 1586 844 1661; x_wconf 90' lang='lat' dir='ltr'><strong>populus</strong></span> <span class='ocrx_word' id='word_1_134' title='bbox 858 1585 933 1646; x_wconf 91' lang='lat' dir='ltr'><strong>tulit.</strong></span> <span class='ocrx_word' id='word_1_135' title='bbox 966 1584 1057 1644; x_wconf 81' lang='lat' dir='ltr'><strong>Necd</strong></span> 
     </span>
     <span class='ocr_line' id='line_1_17' title="bbox 61 1668 1027 1744; baseline -0.002 -16"><span class='ocrx_word' id='word_1_136' title='bbox 61 1676 109 1728; x_wconf 91' lang='lat' dir='ltr'><strong>est</strong></span> <span class='ocrx_word' id='word_1_137' title='bbox 130 1671 211 1744; x_wconf 93' lang='lat' dir='ltr'><strong>quod</strong></span> <span class='ocrx_word' id='word_1_138' title='bbox 234 1676 322 1744; x_wconf 89' lang='lat' dir='ltr'><strong>putes</strong></span> <span class='ocrx_word' id='word_1_139' title='bbox 342 1670 413 1729; x_wconf 92' lang='lat' dir='ltr'><strong>hinc</strong></span> <span class='ocrx_word' id='word_1_140' title='bbox 432 1671 501 1730; x_wconf 91' lang='lat' dir='ltr'><strong>illos</strong></span> <span class='ocrx_word' id='word_1_141' title='bbox 517 1670 680 1744; x_wconf 90' lang='lat' dir='ltr'><strong>aliquando</strong></span> <span class='ocrx_word' id='word_1_142' title='bbox 695 1668 870 1744; x_wconf 83' lang='lat' dir='ltr'><strong>intellegere</strong></span> <span class='ocrx_word' id='word_1_143' title='bbox 884 1669 1027 1729; x_wconf 90' lang='lat' dir='ltr'><strong>damnum</strong></span> 
     </span>
     <span class='ocr_line' id='line_1_18' title="bbox 61 1752 1027 1829; baseline -0.002 -17"><span class='ocrx_word' id='word_1_144' title='bbox 61 1769 165 1813; x_wconf 85' lang='lat' dir='ltr'><strong>suum:</strong></span> <span class='ocrx_word' id='word_1_145' title='bbox 188 1756 354 1829; x_wconf 86' lang='lat' dir='ltr'><strong>plerosque</strong></span> <span class='ocrx_word' id='word_1_146' title='bbox 377 1762 457 1814; x_wconf 88' lang='lat' dir='ltr'><strong>certe</strong></span> <span class='ocrx_word' id='word_1_147' title='bbox 478 1753 584 1814; x_wconf 87' lang='lat' dir='ltr'><strong>audies</strong></span> <span class='ocrx_word' id='word_1_148' title='bbox 606 1767 645 1811; x_wconf 87' lang='lat' dir='ltr'><strong>ex</strong></span> <span class='ocrx_word' id='word_1_149' title='bbox 660 1752 723 1827; x_wconf 90' lang='lat' dir='ltr'><strong>his,</strong></span> <span class='ocrx_word' id='word_1_150' title='bbox 745 1769 824 1829; x_wconf 90' lang='lat' dir='ltr'><strong>quos</strong></span> <span class='ocrx_word' id='word_1_151' title='bbox 840 1768 950 1828; x_wconf 89' lang='lat' dir='ltr'><strong>magna</strong></span> <span class='ocrx_word' id='word_1_152' title='bbox 963 1752 1027 1812; x_wconf 90' lang='lat' dir='ltr'><strong>feli-</strong></span> 
     </span>
     <span class='ocr_line' id='line_1_19' title="bbox 59 1836 1028 1911; baseline 0.001 -17"><span class='ocrx_word' id='word_1_153' title='bbox 59 1837 136 1897; x_wconf 82' lang='lat' dir='ltr'><strong>citas</strong></span> <span class='ocrx_word' id='word_1_154' title='bbox 148 1845 267 1911; x_wconf 88' lang='lat' dir='ltr'><strong>gravat,</strong></span> <span class='ocrx_word' id='word_1_155' title='bbox 283 1838 359 1896; x_wconf 89' lang='lat' dir='ltr'><strong>inter</strong></span> <span class='ocrx_word' id='word_1_156' title='bbox 371 1837 521 1897; x_wconf 82' lang='lat' dir='ltr'><strong>clientium</strong></span> <span class='ocrx_word' id='word_1_157' title='bbox 533 1852 643 1911; x_wconf 82' lang='lat' dir='ltr'><strong>greges</strong></span> <span class='ocrx_word' id='word_1_158' title='bbox 654 1845 706 1896; x_wconf 88' lang='lat' dir='ltr'><strong>aut</strong></span> <span class='ocrx_word' id='word_1_159' title='bbox 717 1851 880 1897; x_wconf 89' lang='lat' dir='ltr'><strong>causarum</strong></span> <span class='ocrx_word' id='word_1_160' title='bbox 890 1836 1028 1897; x_wconf 85' lang='lat' dir='ltr'><strong>actiones</strong></span> 
     </span>
     <span class='ocr_line' id='line_1_20' title="bbox 60 1919 1027 1992; baseline 0 -13"><span class='ocrx_word' id='word_1_161' title='bbox 60 1928 113 1981; x_wconf 90' lang='lat' dir='ltr'><strong>aut</strong></span> <span class='ocrx_word' id='word_1_162' title='bbox 133 1927 249 1980; x_wconf 89' lang='lat' dir='ltr'><strong>ceteras</strong></span> <span class='ocrx_word' id='word_1_163' title='bbox 270 1920 416 1981; x_wconf 86' lang='lat' dir='ltr'><strong>honestas</strong></span> <span class='ocrx_word' id='word_1_164' title='bbox 436 1919 575 1980; x_wconf 86' lang='lat' dir='ltr'><strong>miserias</strong></span> <span class='ocrx_word' id='word_1_165' title='bbox 588 1923 761 1980; x_wconf 85' lang='lat' dir='ltr'><strong>exclamare</strong></span> <span class='ocrx_word' id='word_1_166' title='bbox 776 1921 941 1982; x_wconf 79' lang='lat' dir='ltr'><strong>interdum:</strong></span> <span class='ocrx_word' id='word_1_167' title='bbox 963 1920 1027 1992; x_wconf 87' lang='lat' dir='ltr'><strong>„vi-</strong></span> 
     </span>
     <span class='ocr_line' id='line_1_21' title="bbox 61 2004 1055 2078; baseline 0 -15"><span class='ocrx_word' id='word_1_168' title='bbox 61 2021 132 2063; x_wconf 89' lang='lat' dir='ltr'><strong>vere</strong></span> <span class='ocrx_word' id='word_1_169' title='bbox 147 2005 219 2064; x_wconf 81' lang='lat' dir='ltr'><strong>milri</strong></span> <span class='ocrx_word' id='word_1_170' title='bbox 234 2022 295 2065; x_wconf 92' lang='lat' dir='ltr'><strong>non</strong></span> <span class='ocrx_word' id='word_1_171' title='bbox 309 2005 409 2064; x_wconf 90' lang='lat' dir='ltr'><strong>licet.“</strong></span> <span class='ocrx_word' id='word_1_172' title='bbox 438 2004 545 2077; x_wconf 82' lang='lat' dir='ltr'><strong>Quidni</strong></span> <span class='ocrx_word' id='word_1_173' title='bbox 561 2021 622 2064; x_wconf 92' lang='lat' dir='ltr'><strong>non</strong></span> <span class='ocrx_word' id='word_1_174' title='bbox 636 2004 746 2064; x_wconf 78' lang='lat' dir='ltr'><strong>liceatt</strong></span> <span class='ocrx_word' id='word_1_175' title='bbox 773 2019 880 2064; x_wconf 91' lang='lat' dir='ltr'><strong>omnes</strong></span> <span class='ocrx_word' id='word_1_176' title='bbox 895 2005 953 2078; x_wconf 87' lang='lat' dir='ltr'><strong>illi,</strong></span> <span class='ocrx_word' id='word_1_177' title='bbox 975 2004 1055 2077; x_wconf 71' lang='lat' dir='ltr'><strong>quil</strong></span> 
     </span>
     <span class='ocr_line' id='line_1_22' title="bbox 59 2087 1027 2163; baseline -0.001 -16"><span class='ocrx_word' id='word_1_178' title='bbox 59 2095 88 2147; x_wconf 90' lang='lat' dir='ltr'><strong>te</strong></span> <span class='ocrx_word' id='word_1_179' title='bbox 106 2089 163 2148; x_wconf 90' lang='lat' dir='ltr'><strong>sibi</strong></span> <span class='ocrx_word' id='word_1_180' title='bbox 179 2089 344 2160; x_wconf 89' lang='lat' dir='ltr'><strong>advocant,</strong></span> <span class='ocrx_word' id='word_1_181' title='bbox 366 2088 419 2148; x_wconf 88' lang='lat' dir='ltr'><strong>tibi</strong></span> <span class='ocrx_word' id='word_1_182' title='bbox 433 2089 597 2148; x_wconf 84' lang='lat' dir='ltr'><strong>abducunt.</strong></span> <span class='ocrx_word' id='word_1_183' title='bbox 629 2089 683 2148; x_wconf 89' lang='lat' dir='ltr'><strong>Ille</strong></span> <span class='ocrx_word' id='word_1_184' title='bbox 696 2103 770 2148; x_wconf 88' lang='lat' dir='ltr'><strong>reus</strong></span> <span class='ocrx_word' id='word_1_185' title='bbox 785 2095 860 2163; x_wconf 89' lang='lat' dir='ltr'><strong>quot</strong></span> <span class='ocrx_word' id='word_1_186' title='bbox 876 2087 942 2148; x_wconf 90' lang='lat' dir='ltr'><strong>dies</strong></span> <span class='ocrx_word' id='word_1_187' title='bbox 957 2087 1027 2147; x_wconf 90' lang='lat' dir='ltr'><strong>abs·</strong></span> 
     </span>
     <span class='ocr_line' id='line_1_23' title="bbox 60 2169 1026 2246; baseline -0.002 -16"><span class='ocrx_word' id='word_1_188' title='bbox 60 2173 145 2231; x_wconf 66' lang='lat' dir='ltr'><strong>tulit?</strong></span> <span class='ocrx_word' id='word_1_189' title='bbox 173 2181 246 2246; x_wconf 86' lang='lat' dir='ltr'><strong>quot</strong></span> <span class='ocrx_word' id='word_1_190' title='bbox 264 2173 314 2232; x_wconf 91' lang='lat' dir='ltr'><strong>ille</strong></span> <span class='ocrx_word' id='word_1_191' title='bbox 335 2171 537 2233; x_wconf 66' lang='lat' dir='ltr'><strong>candidatus?</strong></span> <span class='ocrx_word' id='word_1_192' title='bbox 558 2178 634 2246; x_wconf 87' lang='lat' dir='ltr'><strong>quot</strong></span> <span class='ocrx_word' id='word_1_193' title='bbox 646 2173 696 2232; x_wconf 90' lang='lat' dir='ltr'><strong>illa</strong></span> <span class='ocrx_word' id='word_1_194' title='bbox 710 2189 787 2233; x_wconf 91' lang='lat' dir='ltr'><strong>anus</strong></span> <span class='ocrx_word' id='word_1_195' title='bbox 799 2171 963 2232; x_wconf 82' lang='lat' dir='ltr'><strong>efferendis</strong></span> <span class='ocrx_word' id='word_1_196' title='bbox 973 2169 1026 2228; x_wconf 91' lang='lat' dir='ltr'><strong>he-</strong></span> 
     </span>
     <span class='ocr_line' id='line_1_24' title="bbox 59 2255 1027 2331; baseline 0.001 -19"><span class='ocrx_word' id='word_1_197' title='bbox 59 2256 184 2315; x_wconf 91' lang='lat' dir='ltr'><strong>redibus</strong></span> <span class='ocrx_word' id='word_1_198' title='bbox 199 2258 303 2316; x_wconf 72' lang='lat' dir='ltr'><strong>lassa?</strong></span> <span class='ocrx_word' id='word_1_199' title='bbox 329 2262 404 2331; x_wconf 89' lang='lat' dir='ltr'><strong>quot</strong></span> <span class='ocrx_word' id='word_1_200' title='bbox 417 2257 467 2316; x_wconf 90' lang='lat' dir='ltr'><strong>ille</strong></span> <span class='ocrx_word' id='word_1_201' title='bbox 481 2257 521 2316; x_wconf 88' lang='lat' dir='ltr'><strong>ad</strong></span> <span class='ocrx_word' id='word_1_202' title='bbox 534 2255 715 2315; x_wconf 84' lang='lat' dir='ltr'><strong>inritandam</strong></span> <span class='ocrx_word' id='word_1_203' title='bbox 728 2257 885 2316; x_wconf 89' lang='lat' dir='ltr'><strong>avaritiam</strong></span> <span class='ocrx_word' id='word_1_204' title='bbox 902 2262 1027 2329; x_wconf 89' lang='lat' dir='ltr'><strong>captan-</strong></span> 
     </span>
     <span class='ocr_line' id='line_1_25' title="bbox 60 2338 1026 2415; baseline 0.001 -18"><span class='ocrx_word' id='word_1_205' title='bbox 60 2339 133 2398; x_wconf 89' lang='lat' dir='ltr'><strong>tium</strong></span> <span class='ocrx_word' id='word_1_206' title='bbox 144 2338 302 2399; x_wconf 83' lang='lat' dir='ltr'><strong>simulatus</strong></span> <span class='ocrx_word' id='word_1_207' title='bbox 314 2347 428 2414; x_wconf 75' lang='lat' dir='ltr'><strong>aeger?</strong></span> <span class='ocrx_word' id='word_1_208' title='bbox 449 2349 523 2415; x_wconf 90' lang='lat' dir='ltr'><strong>quot</strong></span> <span class='ocrx_word' id='word_1_209' title='bbox 533 2339 584 2399; x_wconf 88' lang='lat' dir='ltr'><strong>illo</strong></span> <span class='ocrx_word' id='word_1_210' title='bbox 594 2338 746 2414; x_wconf 83' lang='lat' dir='ltr'><strong>potentior</strong></span> <span class='ocrx_word' id='word_1_211' title='bbox 757 2339 888 2409; x_wconf 91' lang='lat' dir='ltr'><strong>amicus,</strong></span> <span class='ocrx_word' id='word_1_212' title='bbox 904 2338 957 2413; x_wconf 90' lang='lat' dir='ltr'><strong>qui</strong></span> <span class='ocrx_word' id='word_1_213' title='bbox 969 2353 1026 2398; x_wconf 91' lang='lat' dir='ltr'><strong>vos</strong></span> 
     </span>
     <span class='ocr_line' id='line_1_26' title="bbox 60 2421 1025 2498; baseline 0 -19"><span class='ocrx_word' id='word_1_214' title='bbox 60 2438 121 2480; x_wconf 94' lang='lat' dir='ltr'><strong>non</strong></span> <span class='ocrx_word' id='word_1_215' title='bbox 143 2422 173 2480; x_wconf 92' lang='lat' dir='ltr'><strong>in</strong></span> <span class='ocrx_word' id='word_1_216' title='bbox 192 2422 367 2495; x_wconf 91' lang='lat' dir='ltr'><strong>amicitiam,</strong></span> <span class='ocrx_word' id='word_1_217' title='bbox 397 2423 502 2482; x_wconf 90' lang='lat' dir='ltr'><strong>sedin</strong></span> <span class='ocrx_word' id='word_1_218' title='bbox 523 2424 702 2498; x_wconf 87' lang='lat' dir='ltr'><strong>adparatum</strong></span> <span class='ocrx_word' id='word_1_219' title='bbox 720 2422 833 2482; x_wconf 78' lang='lat' dir='ltr'><strong>habett</strong></span> <span class='ocrx_word' id='word_1_220' title='bbox 858 2421 1025 2495; x_wconf 87' lang='lat' dir='ltr'><strong>Dispunge,</strong></span> 
     </span>
     <span class='ocr_line' id='line_1_27' title="bbox 58 2504 1026 2580; baseline -0.001 -16"><span class='ocrx_word' id='word_1_221' title='bbox 58 2504 199 2579; x_wconf 90' lang='lat' dir='ltr'><strong>inquam,</strong></span> <span class='ocrx_word' id='word_1_222' title='bbox 225 2513 254 2565; x_wconf 90' lang='lat' dir='ltr'><strong>et</strong></span> <span class='ocrx_word' id='word_1_223' title='bbox 272 2521 401 2566; x_wconf 89' lang='lat' dir='ltr'><strong>recenso</strong></span> <span class='ocrx_word' id='word_1_224' title='bbox 418 2507 498 2568; x_wconf 89' lang='lat' dir='ltr'><strong>vitae</strong></span> <span class='ocrx_word' id='word_1_225' title='bbox 512 2515 582 2567; x_wconf 90' lang='lat' dir='ltr'><strong>tuae</strong></span> <span class='ocrx_word' id='word_1_226' title='bbox 596 2507 679 2567; x_wconf 82' lang='lat' dir='ltr'><strong>dies:</strong></span> <span class='ocrx_word' id='word_1_227' title='bbox 706 2505 825 2565; x_wconf 89' lang='lat' dir='ltr'><strong>videbis</strong></span> <span class='ocrx_word' id='word_1_228' title='bbox 840 2521 956 2580; x_wconf 87' lang='lat' dir='ltr'><strong>paucos</strong></span> <span class='ocrx_word' id='word_1_229' title='bbox 973 2504 1026 2563; x_wconf 90' lang='lat' dir='ltr'><strong>ad-</strong></span> 
     </span>
     <span class='ocr_line' id='line_1_28' title="bbox 59 2588 1056 2664; baseline 0.004 -17"><span class='ocrx_word' id='word_1_230' title='bbox 59 2588 185 2649; x_wconf 90' lang='lat' dir='ltr'><strong>modum</strong></span> <span class='ocrx_word' id='word_1_231' title='bbox 197 2595 227 2648; x_wconf 91' lang='lat' dir='ltr'><strong>et</strong></span> <span class='ocrx_word' id='word_1_232' title='bbox 237 2590 367 2650; x_wconf 81' lang='lat' dir='ltr'><strong>reiculos</strong></span> <span class='ocrx_word' id='word_1_233' title='bbox 378 2589 463 2664; x_wconf 90' lang='lat' dir='ltr'><strong>apud</strong></span> <span class='ocrx_word' id='word_1_234' title='bbox 473 2598 503 2651; x_wconf 91' lang='lat' dir='ltr'><strong>te</strong></span> <span class='ocrx_word' id='word_1_235' title='bbox 513 2591 678 2651; x_wconf 88' lang='lat' dir='ltr'><strong>resedisse.</strong></span> <span class='ocrx_word' id='word_1_236' title='bbox 699 2589 875 2650; x_wconf 83' lang='lat' dir='ltr'><strong>Adsecutus</strong></span> <span class='ocrx_word' id='word_1_237' title='bbox 886 2589 937 2647; x_wconf 91' lang='lat' dir='ltr'><strong>ille</strong></span> <span class='ocrx_word' id='word_1_238' title='bbox 948 2596 1056 2663; x_wconf 78' lang='lat' dir='ltr'><strong>qaosss</strong></span> 
     </span>
     <span class='ocr_line' id='line_1_29' title="bbox 58 2672 1025 2748; baseline 0.001 -17"><span class='ocrx_word' id='word_1_239' title='bbox 58 2678 220 2745; x_wconf 89' lang='lat' dir='ltr'><strong>optaverat</strong></span> <span class='ocrx_word' id='word_1_240' title='bbox 240 2674 342 2732; x_wconf 89' lang='lat' dir='ltr'><strong>fasces</strong></span> <span class='ocrx_word' id='word_1_241' title='bbox 357 2673 441 2747; x_wconf 91' lang='lat' dir='ltr'><strong>cupit</strong></span> <span class='ocrx_word' id='word_1_242' title='bbox 455 2690 570 2748; x_wconf 91' lang='lat' dir='ltr'><strong>ponere</strong></span> <span class='ocrx_word' id='word_1_243' title='bbox 585 2681 615 2733; x_wconf 89' lang='lat' dir='ltr'><strong>et</strong></span> <span class='ocrx_word' id='word_1_244' title='bbox 628 2672 759 2733; x_wconf 88' lang='lat' dir='ltr'><strong>subinde</strong></span> <span class='ocrx_word' id='word_1_245' title='bbox 773 2673 859 2732; x_wconf 82' lang='lat' dir='ltr'><strong>dicit:</strong></span> <span class='ocrx_word' id='word_1_246' title='bbox 880 2672 1025 2747; x_wconf 86' lang='lat' dir='ltr'><strong>,‚quando</strong></span> 
     </span>
     <span class='ocr_line' id='line_1_30' title="bbox 59 2755 1026 2837; baseline 0.001 -23"><span class='ocrx_word' id='word_1_247' title='bbox 59 2755 109 2815; x_wconf 90' lang='lat' dir='ltr'><strong>hic</strong></span> <span class='ocrx_word' id='word_1_248' title='bbox 124 2772 223 2816; x_wconf 91' lang='lat' dir='ltr'><strong>annus</strong></span> <span class='ocrx_word' id='word_1_249' title='bbox 238 2757 456 2837; x_wconf 75' lang='lat' dir='ltr'><strong>praeteribitf“</strong></span> <span class='ocrx_word' id='word_1_250' title='bbox 477 2756 562 2818; x_wconf 85' lang='lat' dir='ltr'><strong>Facit</strong></span> <span class='ocrx_word' id='word_1_251' title='bbox 574 2758 625 2817; x_wconf 92' lang='lat' dir='ltr'><strong>ille</strong></span> <span class='ocrx_word' id='word_1_252' title='bbox 639 2757 744 2828; x_wconf 91' lang='lat' dir='ltr'><strong>ludos,</strong></span> <span class='ocrx_word' id='word_1_253' title='bbox 766 2773 896 2832; x_wconf 91' lang='lat' dir='ltr'><strong>quorum</strong></span> <span class='ocrx_word' id='word_1_254' title='bbox 912 2763 1026 2816; x_wconf 92' lang='lat' dir='ltr'><strong>sortem</strong></span> 
     </span>
     <span class='ocr_line' id='line_1_31' title="bbox 59 2839 1026 2917; baseline -0.002 -17"><span class='ocrx_word' id='word_1_255' title='bbox 59 2841 117 2900; x_wconf 89' lang='lat' dir='ltr'><strong>sibi</strong></span> <span class='ocrx_word' id='word_1_256' title='bbox 133 2840 290 2914; x_wconf 81' lang='lat' dir='ltr'><strong>obtingere</strong></span> <span class='ocrx_word' id='word_1_257' title='bbox 305 2855 414 2915; x_wconf 91' lang='lat' dir='ltr'><strong>magno</strong></span> <span class='ocrx_word' id='word_1_258' title='bbox 430 2841 613 2902; x_wconf 77' lang='lat' dir='ltr'><strong>aestimavib</strong></span> <span class='ocrx_word' id='word_1_259' title='bbox 634 2841 795 2917; x_wconf 57' lang='lat' dir='ltr'><strong>„quanda</strong></span> <span class='ocrx_word' id='word_1_260' title='bbox 814 2840 926 2915; x_wconf 90' lang='lat' dir='ltr'><strong>inquit,</strong></span> <span class='ocrx_word' id='word_1_261' title='bbox 948 2839 1026 2900; x_wconf 88' lang='lat' dir='ltr'><strong>istos</strong></span> 
     </span>
     <span class='ocr_line' id='line_1_32' title="bbox 59 2922 1026 2998; baseline 0 -16"><span class='ocrx_word' id='word_1_262' title='bbox 59 2922 201 2998; x_wconf 84' lang='lat' dir='ltr'><strong>effugiam</strong></span> <span class='ocrx_word' id='word_1_263' title='bbox 209 2928 241 2981; x_wconf 72' lang='lat'><strong>2⁴⁴</strong></span> <span class='ocrx_word' id='word_1_264' title='bbox 263 2923 407 2998; x_wconf 83' lang='lat' dir='ltr'><strong>Diripitur</strong></span> <span class='ocrx_word' id='word_1_265' title='bbox 418 2924 468 2983; x_wconf 89' lang='lat' dir='ltr'><strong>ille</strong></span> <span class='ocrx_word' id='word_1_266' title='bbox 479 2931 542 2985; x_wconf 82' lang='lat' dir='ltr'><strong>toto</strong></span> <span class='ocrx_word' id='word_1_267' title='bbox 554 2926 620 2986; x_wconf 89' lang='lat' dir='ltr'><strong>loro</strong></span> <span class='ocrx_word' id='word_1_268' title='bbox 635 2932 781 2998; x_wconf 91' lang='lat' dir='ltr'><strong>patronus</strong></span> <span class='ocrx_word' id='word_1_269' title='bbox 794 2931 824 2983; x_wconf 90' lang='lat' dir='ltr'><strong>et</strong></span> <span class='ocrx_word' id='word_1_270' title='bbox 834 2939 945 2998; x_wconf 88' lang='lat' dir='ltr'><strong>magno</strong></span> <span class='ocrx_word' id='word_1_271' title='bbox 953 2937 1026 2983; x_wconf 91' lang='lat' dir='ltr'><strong>con·</strong></span> 
     </span>
     <span class='ocr_line' id='line_1_33' title="bbox 58 3006 1027 3084; baseline -0.003 -17"><span class='ocrx_word' id='word_1_272' title='bbox 58 3023 151 3067; x_wconf 90' lang='lat' dir='ltr'><strong>cursu</strong></span> <span class='ocrx_word' id='word_1_273' title='bbox 167 3006 267 3067; x_wconf 89' lang='lat' dir='ltr'><strong>omnia</strong></span> <span class='ocrx_word' id='word_1_274' title='bbox 281 3008 372 3081; x_wconf 88' lang='lat' dir='ltr'><strong>ultra,</strong></span> <span class='ocrx_word' id='word_1_275' title='bbox 395 3024 486 3082; x_wconf 87' lang='lat' dir='ltr'><strong>quam</strong></span> <span class='ocrx_word' id='word_1_276' title='bbox 499 3008 596 3068; x_wconf 86' lang='lat' dir='ltr'><strong>audiri</strong></span> <span class='ocrx_word' id='word_1_277' title='bbox 612 3014 727 3084; x_wconf 87' lang='lat' dir='ltr'><strong>potest,</strong></span> <span class='ocrx_word' id='word_1_278' title='bbox 749 3008 896 3082; x_wconf 67' lang='lat' dir='ltr'><strong>conpleta</strong></span> <span class='ocrx_word' id='word_1_279' title='bbox 908 3022 1027 3082; x_wconf 89' lang='lat' dir='ltr'><strong>„quan-</strong></span> 
     </span>
     <span class='ocr_line' id='line_1_34' title="bbox 57 3091 1027 3166; baseline 0 -16"><span class='ocrx_word' id='word_1_280' title='bbox 57 3092 113 3163; x_wconf 94' lang='lat' dir='ltr'><strong>do,</strong></span> <span class='ocrx_word' id='word_1_281' title='bbox 134 3091 244 3166; x_wconf 91' lang='lat' dir='ltr'><strong>inquit,</strong></span> <span class='ocrx_word' id='word_1_282' title='bbox 266 3107 317 3150; x_wconf 90' lang='lat' dir='ltr'><strong>res</strong></span> <span class='ocrx_word' id='word_1_283' title='bbox 333 3093 571 3166; x_wconf 73' lang='lat' dir='ltr'><strong>proferenturl“</strong></span> <span class='ocrx_word' id='word_1_284' title='bbox 591 3092 774 3165; x_wconf 88' lang='lat' dir='ltr'><strong>Praecipitat</strong></span> <span class='ocrx_word' id='word_1_285' title='bbox 789 3091 921 3165; x_wconf 89' lang='lat' dir='ltr'><strong>quisque</strong></span> <span class='ocrx_word' id='word_1_286' title='bbox 936 3091 1027 3150; x_wconf 87' lang='lat' dir='ltr'><strong>vitam</strong></span> 
     </span>
     <span class='ocr_line' id='line_1_35' title="bbox 59 3173 1056 3250; baseline 0.002 -16"><span class='ocrx_word' id='word_1_287' title='bbox 59 3192 145 3234; x_wconf 86' lang='lat' dir='ltr'><strong>suam</strong></span> <span class='ocrx_word' id='word_1_288' title='bbox 160 3184 189 3235; x_wconf 89' lang='lat' dir='ltr'><strong>et</strong></span> <span class='ocrx_word' id='word_1_289' title='bbox 202 3175 292 3235; x_wconf 89' lang='lat' dir='ltr'><strong>futuri</strong></span> <span class='ocrx_word' id='word_1_290' title='bbox 308 3175 461 3235; x_wconf 87' lang='lat' dir='ltr'><strong>desiderio</strong></span> <span class='ocrx_word' id='word_1_291' title='bbox 477 3177 608 3248; x_wconf 90' lang='lat' dir='ltr'><strong>laborat,</strong></span> <span class='ocrx_word' id='word_1_292' title='bbox 631 3175 837 3250; x_wconf 88' lang='lat' dir='ltr'><strong>praesentium</strong></span> <span class='ocrx_word' id='word_1_293' title='bbox 851 3173 964 3235; x_wconf 87' lang='lat' dir='ltr'><strong>taedio.</strong></span> <span class='ocrx_word' id='word_1_294' title='bbox 985 3174 1056 3236; x_wconf 70' lang='lat' dir='ltr'><strong>Ate</strong></span> 
     </span>
     <span class='ocr_line' id='line_1_36' title="bbox 57 3257 1026 3334; baseline 0.002 -18"><span class='ocrx_word' id='word_1_295' title='bbox 57 3257 107 3317; x_wconf 89' lang='lat' dir='ltr'><strong>ifle</strong></span> <span class='ocrx_word' id='word_1_296' title='bbox 129 3260 179 3334; x_wconf 89' lang='lat' dir='ltr'><strong>qui</strong></span> <span class='ocrx_word' id='word_1_297' title='bbox 203 3260 319 3319; x_wconf 92' lang='lat' dir='ltr'><strong>nullum</strong></span> <span class='ocrx_word' id='word_1_298' title='bbox 344 3276 405 3319; x_wconf 92' lang='lat' dir='ltr'><strong>non</strong></span> <span class='ocrx_word' id='word_1_299' title='bbox 427 3266 546 3334; x_wconf 92' lang='lat' dir='ltr'><strong>tempus</strong></span> <span class='ocrx_word' id='word_1_300' title='bbox 567 3260 596 3318; x_wconf 89' lang='lat' dir='ltr'><strong>in</strong></span> <span class='ocrx_word' id='word_1_301' title='bbox 617 3276 694 3319; x_wconf 89' lang='lat' dir='ltr'><strong>usus</strong></span> <span class='ocrx_word' id='word_1_302' title='bbox 715 3274 791 3320; x_wconf 88' lang='lat' dir='ltr'><strong>suos</strong></span> <span class='ocrx_word' id='word_1_303' title='bbox 814 3259 950 3331; x_wconf 84' lang='lat' dir='ltr'><strong>confert,</strong></span> <span class='ocrx_word' id='word_1_304' title='bbox 974 3259 1026 3333; x_wconf 91' lang='lat' dir='ltr'><strong>qui</strong></span> 
     </span>
     <span class='ocr_line' id='line_1_37' title="bbox 56 3341 1025 3418; baseline 0 -18"><span class='ocrx_word' id='word_1_305' title='bbox 56 3357 164 3402; x_wconf 91' lang='lat' dir='ltr'><strong>omnes</strong></span> <span class='ocrx_word' id='word_1_306' title='bbox 180 3343 246 3403; x_wconf 93' lang='lat' dir='ltr'><strong>dies</strong></span> <span class='ocrx_word' id='word_1_307' title='bbox 261 3352 415 3418; x_wconf 90' lang='lat' dir='ltr'><strong>tamquam</strong></span> <span class='ocrx_word' id='word_1_308' title='bbox 429 3344 520 3403; x_wconf 90' lang='lat' dir='ltr'><strong>vitam</strong></span> <span class='ocrx_word' id='word_1_309' title='bbox 535 3344 668 3416; x_wconf 87' lang='lat' dir='ltr'><strong>ordinat,</strong></span> <span class='ocrx_word' id='word_1_310' title='bbox 690 3358 748 3402; x_wconf 92' lang='lat' dir='ltr'><strong>nec</strong></span> <span class='ocrx_word' id='word_1_311' title='bbox 763 3350 847 3418; x_wconf 87' lang='lat' dir='ltr'><strong>optat</strong></span> <span class='ocrx_word' id='word_1_312' title='bbox 861 3341 1025 3403; x_wconf 89' lang='lat' dir='ltr'><strong>crastinum</strong></span> 
     </span>
     <span class='ocr_line' id='line_1_38' title="bbox 57 3426 1025 3502; baseline 0.003 -20"><span class='ocrx_word' id='word_1_313' title='bbox 57 3441 113 3483; x_wconf 89' lang='lat' dir='ltr'><strong>nec</strong></span> <span class='ocrx_word' id='word_1_314' title='bbox 128 3426 218 3487; x_wconf 89' lang='lat' dir='ltr'><strong>timet.</strong></span> <span class='ocrx_word' id='word_1_315' title='bbox 255 3427 333 3500; x_wconf 83' lang='lat' dir='ltr'><strong>Quid</strong></span> <span class='ocrx_word' id='word_1_316' title='bbox 347 3429 427 3487; x_wconf 89' lang='lat' dir='ltr'><strong>enim</strong></span> <span class='ocrx_word' id='word_1_317' title='bbox 442 3435 504 3500; x_wconf 89' lang='lat' dir='ltr'><strong>est,</strong></span> <span class='ocrx_word' id='word_1_318' title='bbox 521 3426 677 3502; x_wconf 89' lang='lat' dir='ltr'><strong>quodiam</strong></span> <span class='ocrx_word' id='word_1_319' title='bbox 692 3427 754 3487; x_wconf 91' lang='lat' dir='ltr'><strong>ulla</strong></span> <span class='ocrx_word' id='word_1_320' title='bbox 767 3427 843 3485; x_wconf 87' lang='lat' dir='ltr'><strong>bora</strong></span> <span class='ocrx_word' id='word_1_321' title='bbox 858 3441 958 3485; x_wconf 87' lang='lat' dir='ltr'><strong>novae</strong></span> <span class='ocrx_word' id='word_1_322' title='bbox 971 3442 1025 3485; x_wconf 88' lang='lat' dir='ltr'><strong>vo-</strong></span> 
     </span>
    </p>
   </div>
   <div class='ocr_carea' id='block_1_3' title="bbox 56 3508 1027 3585">
    <p class='ocr_par' dir='ltr' id='par_1_3' title="bbox 56 3508 1027 3585">
     <span class='ocr_line' id='line_1_39' title="bbox 56 3508 1027 3585; baseline 0.002 -20"><span class='ocrx_word' id='word_1_323' title='bbox 56 3508 179 3583; x_wconf 88' lang='lat' dir='ltr'><strong>luptatis</strong></span> <span class='ocrx_word' id='word_1_324' title='bbox 194 3511 294 3585; x_wconf 91' lang='lat' dir='ltr'><strong>possit</strong></span> <span class='ocrx_word' id='word_1_325' title='bbox 309 3512 449 3570; x_wconf 72' lang='lat' dir='ltr'><strong>adferre?</strong></span> <span class='ocrx_word' id='word_1_326' title='bbox 471 3510 570 3571; x_wconf 89' lang='lat' dir='ltr'><strong>omnia</strong></span> <span class='ocrx_word' id='word_1_327' title='bbox 585 3517 671 3584; x_wconf 90' lang='lat' dir='ltr'><strong>nota,</strong></span> <span class='ocrx_word' id='word_1_328' title='bbox 686 3511 788 3571; x_wconf 88' lang='lat' dir='ltr'><strong>omnia</strong></span> <span class='ocrx_word' id='word_1_329' title='bbox 801 3510 842 3570; x_wconf 90' lang='lat' dir='ltr'><strong>ad</strong></span> <span class='ocrx_word' id='word_1_330' title='bbox 856 3509 1027 3571; x_wconf 87' lang='lat' dir='ltr'><strong>satietatem</strong></span> 
     </span>
    </p>
   </div>
   <div class='ocr_carea' id='block_1_4' title="bbox 0 0 1224 3968">
    <p class='ocr_par' dir='ltr' id='par_1_4' title="bbox 0 0 1224 3968">
     <span class='ocr_line' id='line_1_40' title="bbox 0 0 1224 3968; baseline 0 1"><span class='ocrx_word' id='word_1_331' title='bbox 0 0 1224 3968; x_wconf 95' lang='lat' dir='ltr'><strong> </strong></span> 
     </span>
    </p>
   </div>
  </div>
 </body>
</html>
