2438 3968
270 247 397 309 LUDUS
412 246 462 305 DE
476 245 607 307 MORTE
622 246 785 306 CLAUDII.
807 253 903 306 4-6.
1009 241 1070 306 267

110 396 161 455 vit.
189 402 249 469 [nec
264 410 326 469 post
338 402 456 454 boletum
471 402 581 469 opipare
595 401 789 454 medicamentis
803 401 936 453 conditum
947 401 1006 470 plus
1018 402 1072 453 cibi

110 485 243 554 sumpsit]

171 564 210 623 V.
233 562 316 635 Quae
336 563 365 622 iu
386 564 473 624 terris
489 570 596 639 postea
610 561 670 622 sint
683 570 764 636 acta,
788 578 1011 639 supervacuum
1027 569 1099 623 estl

110 648 233 706 referre.
264 645 348 706 scitis
363 648 442 705 enim
457 648 582 721 optime,
601 661 657 706 nec
673 648 838 720 periculum
854 653 915 719 est,
937 662 976 705 ue
990 647 1072 705 exci-

109 732 198 802 dant,
217 745 296 804 quae
310 731 472 789 memoriae
483 731 626 805 gaudium
639 730 793 805 publicum
807 730 959 805 inpressit.
983 744 1071 789 nemo

110 814 259 874 felicitatis
275 827 349 873 suae
361 813 561 874 obliviscitur:
581 814 610 871 in
623 817 709 874 coelo
723 829 802 889 quae
813 822 881 875 acta
892 813 950 874 sint
960 813 1071 872 audite.

109 897 188 957 fides
203 911 300 972 penes
313 904 469 956 auctorem
485 896 548 957 erit.
582 897 739 959 Nuntatur
751 897 816 956 lovi
830 897 953 957 venisse
968 903 1100 971 quem-2

109 981 180 1040 dam
194 981 294 1040 bonae
308 986 454 1053 staturae,
470 979 548 1040 benc
565 997 681 1041 canum.
710 979 814 1041 neseio
833 980 907 1056 quid
921 981 1001 1040 illum
1018 980 1072 1040 mi·

109 1064 184 1124 nari.
213 1063 341 1124 adsidue
363 1063 441 1122 enim
464 1073 555 1139 caput
573 1080 705 1125 movere.
733 1063 841 1139 pedem
858 1065 996 1124 dextrum
1013 1071 1072 1123 tra-

108 1147 190 1207 here.
219 1147 378 1222 quaesisse
393 1162 437 1220 se,
453 1148 540 1208 cuius
551 1147 682 1208 nationis
693 1154 785 1208 esset.
807 1147 1008 1224 respondisse
1019 1162 1071 1206 ne-

108 1230 173 1292 scio
190 1231 263 1306 quid
284 1229 457 1305 perturbato
478 1246 555 1291 sono
572 1239 602 1292 ot
619 1247 695 1293 voce
709 1232 847 1292 confusa.
881 1247 942 1294 non
957 1230 1071 1290 intelle-

108 1330 181 1391 gere
202 1331 238 1375 se
257 1314 388 1388 linguam
409 1314 484 1374 eius.
514 1331 571 1375 nec
586 1314 731 1374 Graccum
747 1328 818 1375 esse
832 1329 889 1375 uec
902 1315 1071 1374 Romanum

108 1415 166 1458 nec
191 1398 281 1458 ullius
306 1397 405 1472 gentis
430 1406 530 1459 notae.
565 1398 637 1457 Tum
664 1397 778 1472 Iupiter
801 1398 977 1468 Herculem,
1002 1396 1099 1471 quiet

107 1489 203 1542 totum
223 1481 327 1541 orbem
350 1487 495 1542 terrarum
521 1490 729 1557 pererraverat
749 1489 778 1542 et
798 1497 893 1542 nosse
912 1480 1072 1540 videbatur

108 1581 214 1625 omnes
229 1564 381 1635 nationes,
396 1563 479 1625 iubet
492 1564 535 1624 ire
546 1573 576 1625 et
586 1566 762 1639 explorare,
778 1580 906 1639 quorum
917 1563 1071 1624 hominum

108 1655 200 1708 esset.
236 1648 308 1706 Tum
329 1648 476 1708 Hercules
499 1648 594 1723 primo
616 1648 765 1721 adspectu
785 1663 859 1707 sane
878 1648 1070 1723 perturbatus

107 1740 167 1803 est,
191 1738 224 1791 ut
245 1748 331 1806 quem
350 1731 409 1790 iam
427 1748 487 1793 non
504 1732 604 1791 omnia
616 1739 753 1792 monstra
765 1731 923 1792 timuerint.
951 1739 984 1791 ut
996 1731 1071 1790 vidit

108 1816 179 1875 novi
192 1815 313 1889 generis
334 1814 456 1885 faciem,
477 1814 628 1874 insolitum
643 1816 812 1886 incessum,
837 1829 943 1874 vocem
958 1813 1069 1874 nullius

108 1898 259 1959 terrestris
279 1897 431 1968 animalis,
457 1899 513 1957 sed
535 1897 632 1972 qualis
648 1914 718 1958 esse
733 1897 855 1958 marinis
870 1897 969 1958 beluis
984 1900 1070 1970 solet,

108 1998 231 2042 raucam
247 1989 277 2042 et
291 1981 468 2055 implicitam,
490 1983 604 2056 putavit
617 1981 675 2042 sibi
690 1982 807 2042 tertium
822 1980 970 2042 decimum
987 1981 1070 2042 labo-

107 2080 171 2123 rem
192 2067 326 2126 venisse.
361 2064 538 2140 Diligentius
559 2065 683 2126 intuenti
704 2065 790 2126 visus
805 2071 851 2124 est
867 2064 955 2140 quasi
970 2065 1099 2126 homos

108 2149 238 2209 accessit
251 2150 353 2224 itaque
367 2156 398 2208 et
413 2149 496 2222 quod
511 2149 683 2209 facillimum
697 2149 751 2209 luit
766 2149 929 2222 Graeculo,
943 2148 997 2208 ait:

131 2231 186 2303 Τίς
200 2225 308 2292 πόθεν
323 2225 367 2303 εἰς
382 2223 531 2308 ἀνδρῶν;
553 2226 637 2294 πόθι
650 2251 701 2292 τοι
714 2225 826 2304 πτόλις
839 2223 897 2310 ἡδὲ
912 2231 1043 2315 conciam

109 2315 251 2375 Claudius
265 2316 377 2389 gaudet
391 2331 462 2375 esse
476 2315 535 2376 illic
549 2316 722 2390 philologos
738 2315 891 2388 homiues,
907 2320 1011 2387 sperat
1024 2314 1070 2372 lu-

107 2404 206 2456 turum
227 2398 357 2472 aliquem
376 2397 510 2459 historiis
530 2399 595 2459 suis
615 2402 726 2459 locum.
758 2399 863 2472 ltaque
879 2404 909 2456 et
926 2398 994 2472 ipae
1009 2397 1069 2455 lio-

108 2481 221 2539 merico
236 2495 328 2541 versu
343 2480 504 2541 Caesarem
520 2498 555 2541 se
570 2498 641 2541 esse
655 2480 832 2556 significans
847 2480 895 2552 ait,

168 2555 304 2623 Ἰλιόθεν
318 2581 358 2640 με
372 2561 485 2641 φέρων
500 2556 620 2643 ἄνεμος
633 2557 811 2625 Κικόνεσσι
824 2563 994 2623 πέλασσεν.

106 2648 177 2707 Erat
192 2655 291 2706 autem
306 2660 439 2721 sequens
454 2664 561 2708 versus
576 2649 691 2721 verior,
713 2663 812 2722 aeque
825 2646 1013 2718 Homericus,

159 2723 267 2790 Ἔνθα
282 2719 310 2789 δ’
325 2722 387 2808 ἐγώ
403 2723 500 2791 πόλιν
516 2730 680 2812 ἔπραθον,
703 2722 808 2791 ὤλεσα
823 2720 852 2792 ‹l’
866 2719 996 2800 αὐτούς.

166 2813 218 2872 Vl.
239 2814 277 2873 Et
290 2812 467 2887 inposuerat
479 2815 614 2887 Herculi,
630 2814 743 2875 homini
758 2813 878 2876 minime
892 2813 994 2885 vafro,
1011 2812 1069 2872 nisi
1084 2817 1099 2870 1

106 2898 295 2960 luissetillic
312 2896 433 2973 Febris,
460 2914 538 2973 quae
560 2899 629 2959 lano
651 2915 708 2959 suo
728 2898 832 2959 relicto
854 2898 920 2958 sola
934 2911 1002 2956 cum
1016 2895 1067 2955 illo

105 2985 245 3043 venerata
272 2988 391 3042 ceteros
412 2998 517 3042 omnes
539 2983 615 3042 deos
635 2984 751 3043 Romae
771 2982 943 3056 reliquerat.
977 2980 1068 3053 „Ista

105 3065 216 3139 inquit,
239 3080 322 3124 mera
343 3065 500 3127 mendacia
519 3074 628 3126 narrat.
660 3080 717 3140 ego
733 3064 786 3124 tibi
801 3065 884 3135 dico,
908 3078 1068 3139 quaecum

105 3149 156 3209 illo
176 3154 222 3209 tot
241 3150 327 3210 annis
348 3148 423 3208 vixi=
450 3149 609 3224 Luguduni
629 3157 716 3209 natos
739 3156 794 3209 est.
830 3149 962 3208 Munatii
973 3146 1068 3206 muni·

106 3232 205 3307 cipem
224 3233 321 3294 vides.
355 3232 438 3309 quod
452 3233 504 3293 tibi
519 3248 622 3305 narro,
643 3233 682 3292 ad
694 3238 813 3293 sextum
830 3232 979 3292 decimum
992 3229 1062 3304 lapi·

106 3316 175 3375 dem
195 3324 284 3378 natus
305 3324 352 3377 est
372 3314 536 3391 aVienna‚
559 3316 661 3376 Gallus
676 3331 847 3390 germanus.
869 3315 970 3390 itaque
985 3313 1069 3390 quod

105 3398 222 3459 Gallum
242 3403 342 3461 lacere
364 3401 535 3475 oportebat,
554 3401 681 3460 Romam
702 3401 790 3474 cepit.
826 3399 914 3460 Hunc
934 3413 991 3473 ego
1015 3396 1068 3458 tibi

104 3482 219 3558 recipio
234 3484 392 3559 Luguduni
405 3493 520 3557 natum,
543 3483 594 3544 ubi
604 3482 737 3543 Licinius
747 3483 848 3544 multis
859 3482 946 3542 annis
958 3496 1068 3556 regna-
