2438 3968
185 246 245 311 124
371 249 403 307 L.
426 246 572 307 ANNAEl
594 245 768 305 SENECAE
789 247 890 306 DlAL.
913 247 964 305 Vl.

183 415 302 475 conpos
321 398 382 460 voti
397 399 494 457 lactus
510 405 607 457 essent
630 404 784 472 precatum
798 397 878 458 enim
900 414 944 471 se,
967 407 1007 469 ut,
1031 399 1060 458 si
1081 399 1155 473 quid

182 485 224 546 ob
237 485 388 556 ingentem
402 481 560 542 victoriam
572 481 704 541 invidiae
719 481 850 540 dandum
866 488 959 554 asset
976 483 1006 542 id
1022 499 1080 544 suo
1099 499 1156 558 po-

148 577 166 630 4
180 569 239 627 tius
256 582 346 642 quarn
362 565 484 640 publico
500 565 611 625 damno
627 567 805 624 solueretur.
826 565 923 624 Vides
936 581 1028 639 quarn
1041 582 1158 641 magno

180 653 282 712 animo
299 650 419 711 tulerit?
439 647 558 709 orbitati
573 663 649 708 suae
663 648 832 722 gratulatus
848 655 903 708 est.
933 658 963 708 et
983 665 1076 724 quern
1091 666 1154 710 rna-

180 735 227 809 gis
243 739 363 808 poterat
377 738 559 809 permovere
568 739 649 793 tanta
660 731 806 792 mutatio?
830 731 940 792 solatia
954 733 1045 793 simul
1060 741 1157 809 atqua

179 818 293 878 auxilia
307 816 447 891 perdidit.
472 832 531 876 non
549 816 674 890 contigit
686 823 785 874 tamen
801 817 915 875 tristem
926 815 1054 876 Paulum
1067 817 1156 878 Persi

179 902 292 962 videre.
722 950 724 953 .

147 991 162 1041 1
239 986 318 1045 XIV.
341 984 416 1057 Quid
434 991 556 1043 nuncto
573 998 627 1057 pet·
640 981 1055 1057 innumcrabiliamagnorum
1072 983 1153 1044 viro·

178 1085 243 1129 rum
260 1069 400 1140 exempla
415 1067 523 1126 ducam
540 1074 569 1126 et
581 1082 724 1140 quaeram
736 1065 875 1140 miseros
891 1068 979 1140 quasi
994 1084 1056 1127 non
1072 1066 1155 1128 dilli-

179 1153 266 1212 cilius
287 1151 326 1211 sit
346 1149 481 1210 invenire
502 1151 627 1209 telicesa
663 1157 756 1225 quota
776 1151 854 1209 enim
877 1166 1019 1226 quaeque
1041 1153 1155 1213 domus

178 1235 332 1310 usquead
347 1234 461 1294 exitum
479 1232 618 1293 omnibus
634 1234 770 1307 partibus
791 1235 856 1294 suis
872 1235 1014 1307 constitit,
1036 1233 1066 1294 in
1092 1252 1155 1311 qua

178 1336 239 1380 non
254 1319 368 1393 aliquid
383 1318 532 1378 turbatum
545 1315 604 1378 sitt
629 1334 721 1378 unum
733 1317 897 1392 quemlibet
908 1335 1021 1379 annum
1032 1335 1154 1396 occupa

179 1411 209 1464 et
222 1419 261 1464 ex
282 1418 319 1463 en
341 1403 533 1477 magistratus
555 1402 627 1461 cita=
654 1402 779 1461 Lucium
801 1400 828 1461 si
848 1401 895 1462 vis
911 1402 1055 1464 Bibulum
1076 1413 1107 1465 et
1121 1405 1154 1464 C.

180 1488 349 1549 Caesarcm.
384 1485 503 1547 videbis
524 1486 601 1546 inter
620 1487 753 1560 collegas
776 1485 1001 1548 inimicissimos
1023 1503 1153 1548 concor-

148 1577 166 1630 ἢ
181 1573 249 1632 dam
261 1573 427 1633 ludunum:
447 1571 479 1630 L.
492 1569 601 1643 Bibuli,
615 1570 749 1631 melioris
762 1586 853 1643 qnam
865 1571 997 1630 fortioris
1009 1570 1075 1641 viri,
1090 1573 1154 1632 dno

179 1655 269 1716 simul
280 1654 332 1715 filii
348 1655 495 1715 interfecti
510 1663 589 1727 sunt,
603 1654 758 1732 Aegyptio
780 1653 906 1728 quidem.
914 1655 998 1714 militi
1019 1655 1155 1716 ludibrio

178 1738 281 1810 habiti,
302 1746 411 1799 utnon
425 1737 523 1798 nrinus
544 1738 613 1812 ipsa
635 1738 762 1798 orbitate
777 1744 883 1797 auctor
897 1738 963 1798 aius
985 1738 1079 1813 digna
1099 1756 1151 1799 res

179 1822 310 1882 lacrimis
327 1831 417 1882 esset.
439 1821 565 1881 Bibulus
581 1829 688 1890 tamen,
712 1820 764 1897 qui
778 1827 840 1881 toto
854 1821 981 1882 honoris
1002 1822 1052 1882 sui
1070 1840 1154 1884 anuo

180 1905 219 1966 ob
234 1904 376 1966 invidiam
393 1905 527 1978 collegae
541 1905 622 1963 domi
636 1907 772 1978 latuerat,
787 1912 912 1979 postero
929 1906 978 1964 die
990 1922 1084 1980 quarn
1099 1923 1152 1982 ga—

179 1989 293 2048 minum
310 1990 401 2048 lunus
415 1988 617 2047 renuntiatum
632 1996 687 2061 ast,
704 1989 857 2063 processit
871 1990 910 2049 ad
926 1987 1016 2050 solita
1031 1989 1152 2064 imperii

181 2073 291 2131 officia.
320 2071 398 2145 Quid
412 2071 511 2131 minus
526 2079 627 2144 potest
639 2089 727 2146 qnam
742 2088 834 2133 unum
849 2073 928 2131 diem
944 2071 1065 2133 duobus
1081 2074 1154 2134 liliis

180 2157 274 2216 daret
295 2163 353 2214 tarn
370 2155 428 2216 cito
449 2155 611 2214 liberorum
631 2156 743 2216 luctum
758 2156 861 2227 sinivit,
885 2156 936 2230 qui
958 2157 1155 2218 consulatum

149 2248 261 2302 nanno
277 2240 404 2298 luxerat
435 2238 465 2299 C.
483 2238 595 2298 Caesar
618 2255 685 2299 cum
699 2239 883 2300 Britanniam
900 2247 1079 2314 peragrarat
1094 2256 1155 2300 nec

180 2339 295 2384 oceano
306 2323 460 2384 continere
471 2322 639 2383 felicitatem
653 2340 738 2383 suam
748 2330 865 2399 posset,
875 2323 969 2384 audiit
975 2323 1154 2385 decessisse

180 2408 272 2468 filiam
295 2407 414 2482 publica
435 2422 539 2466 secum
562 2409 622 2466 lata
643 2408 812 2467 ducentem.
837 2407 867 2466 in
890 2407 988 2468 oculis
1009 2417 1075 2468 erat
1092 2409 1155 2470 iam

180 2493 232 2551 Cn.
247 2490 409 2566 Pompeius
426 2507 486 2550 non
499 2506 598 2565 aequo
614 2493 729 2550 laturus
744 2490 844 2551 animo
858 2505 1040 2565 quemquam
1058 2492 1155 2552 alium

179 2591 250 2636 esse
265 2575 294 2635 in
309 2574 466 2649 republica
486 2589 627 2647 magnum
647 2584 676 2635 et
697 2575 821 2634 modum
843 2573 1031 2649 inpositurus
1052 2575 1153 2635 incre·

178 2656 296 2731 mantis‚
313 2673 392 2734 quae
405 2658 510 2732 gravia
522 2657 564 2716 illi
576 2658 753 2718 videbantur
764 2659 852 2718 etiam
865 2674 932 2718 cum
948 2659 977 2718 in
990 2673 1155 2720 commune

179 2750 367 2802 crescerent:
396 2750 496 2802 tamen
515 2742 593 2801 intra
618 2742 733 2801 tertium
756 2742 835 2800 diem
862 2741 1057 2816 imperatoria
1078 2742 1155 2803 obiit

178 2825 281 2885 munia
296 2833 326 2886 et
343 2835 404 2886 tarn
418 2823 479 2885 cito
494 2824 629 2886 dolorem
644 2825 715 2885 vicit
730 2841 819 2900 quiam
836 2826 936 2885 omnia
950 2826 1078 2886 solebat.

147 2917 161 2968 1
239 2910 304 2968 XV.
319 2909 396 2982 Quid
407 2908 534 2969 aliorum
547 2909 598 2968 tibi
614 2909 721 2967 lunera
732 2908 894 2969 Caesarum
905 2910 1056 2969 referant
1071 2926 1157 2984 quos

178 2992 208 3052 in
223 2992 283 3054 hoc
298 2993 368 3052 milri
384 2992 504 3054 videtur
518 2993 634 3052 interim
647 2992 760 3052 violare
775 2993 904 3066 lortuna,
918 3002 951 3053 ut
964 2993 1010 3052 sic
1025 3008 1154 3068 quoquc

178 3076 283 3150 generi
305 3076 437 3136 humano
453 3076 571 3151 prosint
590 3075 786 3136 ostendentes
806 3092 845 3135 na
865 3092 920 3137 eos
943 3075 1077 3152 quiden,
1099 3076 1153 3151 qui

180 3160 227 3220 dis
242 3160 333 3234 geniti
349 3161 487 3235 deosque
505 3159 634 3233 genituri
655 3159 800 3233 dicantur,
822 3159 867 3220 sic
891 3177 978 3221 suam
999 3161 1156 3221 fortunam

145 3244 207 3303 ain
223 3250 373 3317 potestate
393 3243 506 3303 habere
526 3243 782 3318 quemadmodum
803 3244 942 3304 alienam.
975 3242 1072 3304 Divus
1087 3245 1152 3303 Au·

164 3381 167 3386 .
178 3334 288 3400 gustus
294 3326 415 3390 arnissis
423 3326 536 3400 liberis,
549 3325 720 3401 nepotibus,
733 3327 883 3389 exhausta
892 3327 1156 3388 Caesarumturba

178 3410 343 3486 adoptione
355 3410 506 3471 desertam
518 3411 640 3470 domum
656 3410 746 3470 fulsit.
771 3411 835 3473 tulit
845 3419 945 3472 tamen
958 3412 1074 3473 fortiter
1085 3417 1153 3471 tan·

180 3511 269 3569 quarn
286 3495 372 3554 cuins
387 3495 445 3553 iam
461 3510 511 3554 res
526 3495 672 3568 agebatur
692 3494 840 3569 cuiusque
860 3497 990 3556 maxime
1009 3495 1158 3565 intererat
