2438 3968
205 255 258 312 ΑΙ)
281 254 463 314 MARCIAM
483 251 533 315 nd
556 253 854 315 consonatione.
878 262 979 316 1213.
1023 253 1083 317 123

109 406 260 467 solatium.
284 406 349 466 Non
365 405 553 466 mehercules
569 413 629 466 tam
645 407 723 465 male
736 407 774 464 de
789 406 924 467 moribus
939 406 998 467 tuis
1014 421 1084 466 sen·
1097 424 1115 476 ⁶

109 492 161 562 tin,
177 496 210 549 ut
224 497 326 564 putem
342 506 437 564 posse
451 496 481 549 te
495 488 594 549 levius
615 490 677 565 pali
692 505 797 550 casum
813 497 905 563 tuum,
926 491 952 550 si
967 491 1020 552 tibi
1038 490 1082 548 in-

108 581 229 648 gentem
252 574 414 647 lugentium
435 590 590 633 numerum
613 574 805 648 produxero:
828 575 960 634 malivoli
982 574 1082 634 solatii

109 674 208 732 genus
224 663 271 716 est
277 659 364 718 turba
376 658 564 719 miserorum.
586 659 737 733 quosdam
751 664 851 717 tamen
865 659 1004 731 releram,
1020 674 1081 719 non

109 748 143 801 ut
157 742 237 800 scias
260 741 604 802 hocsolerehominibus
615 743 764 815 accidere,
780 742 939 800 ridiculum
948 748 994 800 est
1002 743 1080 800 euim

110 825 299 885 mortalitatis
316 824 456 904 exempla
472 827 623 900 colligere,
639 826 695 884 sed
705 833 737 885 ut
751 826 832 884 scias
849 824 945 885 luisse
960 827 1081 898 multos,

111 909 164 984 qui
178 908 307 969 lenirent
326 925 437 982 aspera
453 910 572 984 placide
596 910 732 970 terendo.
759 911 786 968 A
809 909 984 969 felicissimo
1006 907 1114 974 inci-6
1199 959 1201 965 .

111 994 208 1068 piam:
230 992 262 1049 L.
277 992 360 1054 Sulla
375 993 467 1052 filium
481 994 588 1066 amisit,
604 1010 661 1054 nec
676 1010 713 1053 ea
727 1009 776 1052 res
792 1000 842 1053 aut
857 993 999 1053 malitiam
1015 994 1081 1053 eius

111 1084 142 1136 et
156 1078 332 1136 acerrimam
349 1076 486 1136 virtutem
502 1078 530 1137 in
544 1077 648 1137 hostes
664 1079 809 1153 civesque
824 1077 959 1138 contudit
973 1084 1024 1137 aut
1038 1077 1081 1136 el·

110 1160 192 1233 lecit,
212 1166 245 1218 ut
260 1176 426 1235 cognomen
449 1162 522 1221 illud
535 1177 704 1235 usurpasse
720 1163 805 1221 salvo
823 1162 978 1220 videretur
998 1162 1082 1236 quod

111 1245 226 1304 amisso
243 1246 303 1305 lilio
318 1246 498 1319 adsumpsit.
531 1261 588 1304 nec
604 1247 674 1305 odia
695 1246 850 1306 hominum
864 1244 989 1317 veritus,
1005 1262 1081 1319 quo-

110 1344 178 1388 rum
193 1330 272 1387 malo
289 1328 358 1388 illae
373 1328 459 1387 nimis
476 1331 630 1389 secundae
644 1345 694 1388 res
702 1337 851 1400 constant,
867 1344 923 1386 nec
938 1329 1081 1388 invidiam

111 1411 248 1482 deorum,
271 1429 399 1488 qnorum
420 1412 493 1471 illud
509 1415 620 1471 crimen
637 1421 709 1485 erat,
733 1412 817 1472 Sulla
831 1419 891 1471 tam
907 1412 989 1472 lelix.
1025 1413 1081 1472 sed

111 1495 194 1555 istud
209 1497 285 1555 inter
299 1513 349 1555 res
366 1497 501 1556 nondum
521 1496 669 1557 iudicatas
685 1497 780 1570 abeat,
804 1497 902 1570 qualis
919 1496 1002 1556 Sulla
1017 1496 1080 1554 lue-

103 1580 158 1638 'rit
179 1580 266 1638 eliam
283 1580 393 1638 inimici
408 1580 581 1640 fatebuntur
599 1582 677 1640 bene
692 1581 774 1644 illum
795 1597 879 1640 arma
900 1580 1079 1654 sumpsisse,

110 1663 190 1721 bene
205 1665 364 1736 posuisset
379 1664 438 1723 hoc
452 1664 491 1723 de
507 1680 567 1738 quo
580 1665 677 1738 agitur
688 1664 846 1738 constabit,
862 1679 922 1744 non
935 1680 1007 1724 esse
1017 1680 1081 1723 ma-

111 1748 225 1805 ximum
240 1749 350 1807 malum
367 1748 448 1822 quod
466 1747 604 1807 etiamad
619 1747 811 1808 felicissimos
829 1749 975 1822 pervenit.

172 1830 249 1891 Xlll.
270 1832 313 1890 Ne
328 1831 416 1891 nimis
429 1831 592 1891 admiretur
607 1833 732 1890 Graecia
746 1831 829 1891 illum
845 1839 969 1906 patrem,
985 1833 1036 1907 qui
1051 1832 1080 1890 in
1098 1842 1114 1895 1

110 1912 180 1987 ipso
198 1916 348 1975 sacrificio
364 1916 497 1975 nuntiata
511 1915 563 1974 fini
575 1923 670 1974 morte
681 1915 835 1976 tibicinem
850 1922 964 1975 tantum
978 1924 1080 1976 tacere

110 1997 200 2057 iussit
214 2005 244 2059 et
258 2014 401 2059 coronam
415 1999 506 2074 capiti
523 2000 661 2073 detraxit,
679 2007 779 2059 cetera
793 2001 849 2059 rite
862 2000 998 2075 perlecit,
1012 1997 1078 2058 Pul-

109 2082 199 2140 villus
216 2081 317 2142 effecit
328 2083 475 2157 pontifex,
490 2082 538 2144 cui
549 2091 669 2159 postem
683 2083 794 2143 tenenti
804 2091 833 2142 et
841 2083 1018 2158 Capitolium
1027 2083 1080 2141 de-

110 2165 221 2224 dicanti
237 2182 319 2227 mors
334 2167 386 2226 filii
398 2165 534 2227 nuntiata
554 2175 609 2226 est.
639 2184 730 2243 quam
745 2168 795 2226 ille
810 2167 974 2226 exaudisse
990 2166 1080 2225 dissi·

109 2251 231 2308 mutavit
245 2259 275 2310 et
294 2251 454 2311 sollemnia
468 2252 635 2326 [pontificia
657 2250 800 2330 carmina]
823 2251 918 2309 verba
939 2249 1080 2323 concepit

109 2336 222 2406 gemitu
242 2351 302 2394 non
318 2335 555 2409 interrumpente
570 2335 775 2410 precationem
793 2342 823 2394 et
833 2335 873 2393 ad
890 2335 942 2394 lilii
957 2333 1005 2392 sui
1026 2349 1080 2393 no·

109 2433 177 2475 men
194 2418 267 2476 love
283 2419 453 2493 propitiato.
485 2419 630 2479 Putasses
645 2419 711 2478 eius
726 2418 826 2479 luctus
842 2419 974 2493 aliquem
988 2417 1112 2479 noema

109 2516 181 2559 esse
196 2502 317 2575 debere,
330 2502 417 2562 cuius
434 2502 547 2577 primus
561 2504 672 2562 dies'et
687 2503 802 2576 primus
817 2502 937 2577 inpetus
952 2501 990 2559 ab
1006 2501 1077 2559 alta·

108 2584 194 2644 ribus
209 2587 340 2659 publicis
355 2596 385 2646 et
399 2589 499 2647 lausta
510 2586 1077 2661 nuncupationenonabduxitpatrem=

109 2667 219 2742 dignus
245 2669 434 2729 mehercules
456 2671 512 2731 luit
531 2670 718 2729 memorabili
744 2670 945 2743 dedicatione,
967 2668 1078 2744 dignus

108 2751 297 2826 amplissimo
313 2754 496 2826 sacerdotio,
513 2755 565 2830 qni
580 2755 680 2815 colere
698 2754 774 2814 deos
790 2769 829 2812 ne
844 2753 938 2814 iratos
955 2753 1078 2826 quidem

108 2835 230 2895 destitit.
259 2837 339 2897 idem
355 2845 454 2897 tarrren
472 2846 503 2898 nt
516 2838 604 2898 rediit
623 2839 754 2911 donnum,
776 2844 806 2897 et
825 2836 951 2911 inplevit
970 2837 1078 2896 oculos

107 2927 137 2977 el
151 2919 269 2994 aliquas
284 2936 378 2981 voces
391 2919 509 2981 flebiles
528 2922 609 2981 misit
628 2927 658 2981 et
672 2924 803 2996 peractis
825 2936 904 2997 quae
925 2936 992 2980 mos
1014 2926 1078 2980 erat

108 3011 265 3076 praestare
280 3003 440 3078 defunctis,
462 3007 502 3064 ad
517 3005 717 3079 Capitolinum
738 3006 820 3065 illum
842 3004 932 3065 rediit
952 3004 1076 3064 voltum.

106 3085 219 3148 Paulus
234 3088 314 3147 circa
329 3089 397 3148 illos
413 3088 592 3149 nobilissimi
608 3089 749 3164 triumphi
770 3090 847 3162 dies,
866 3105 927 3163 quo
945 3088 1111 3169 uinctuma

105 3177 176 3230 ante
189 3187 310 3232 currum
332 3172 393 3247 egit
406 3172 528 3246 Persen,
546 3172 651 3246 [incliti
662 3172 743 3246 regis
755 3179 886 3245 nomem]
905 3172 984 3232 duos
996 3172 1076 3232 lilios

106 3255 135 3312 in
153 3255 348 3330 adoptionem
361 3257 453 3316 dedit.
480 3273 559 3332 quos
581 3256 638 3316 sibi
654 3264 839 3330 servaverat,
861 3257 973 3317 extulit.
1002 3273 1076 3331 qua·

105 3339 151 3396 les
166 3348 300 3400 retentos
315 3349 413 3415 putas,
431 3356 498 3400 cum
514 3341 591 3400 inter
603 3342 811 3401 commodatos
827 3340 931 3415 Scipio
948 3341 1077 3401 luisset?
1151 3375 1152 3378 =

104 3422 171 3482 Non
190 3423 256 3482 sine
271 3430 353 3484 motu
373 3441 503 3485 vacnum
518 3424 602 3484 Pauli
625 3440 746 3484 currum
767 3426 900 3499 populus
918 3425 1075 3484 Romanus

104 3505 256 3580 adspexit.
280 3506 479 3568 concionatus
495 3517 541 3569 est
558 3515 656 3568 tamen
674 3515 705 3568 et
718 3508 779 3583 egit
789 3509 837 3568 dis
852 3508 975 3584 gratias,
992 3506 1077 3583 quod
