2438 3968
193 239 256 303 160
379 239 412 298 L.
435 237 582 298 ANNAEI
603 238 778 300 SENECAE
800 241 902 300 DIAL.
920 242 987 301 vll.

191 409 240 452 arn
259 406 372 451 meam:
400 389 494 450 nihilo
515 389 656 450 miserius
679 406 748 465 ern,
770 391 795 450 si
819 391 904 451 lassa
924 392 1029 451 cervix
1046 409 1116 453 mea
1137 394 1165 454 in

189 475 346 550 manipulo
360 474 442 533 locui
462 474 654 549 adquiescet,
679 474 707 533 si
728 490 823 549 super
837 474 981 536 circense
1000 484 1167 538 tomentum

189 574 247 635 per
259 565 396 620 sarturas
414 558 526 618 veteris
546 557 628 619 lintei
648 557 778 618 effluens
798 559 960 620 incubabo.
994 560 1072 633 Quid
1091 577 1166 636 ergo

189 650 260 703 esti
273 642 363 711 malo,
388 641 462 715 quid
476 642 548 701 mihi
562 640 653 701 animi
668 639 714 715 sit,
734 642 897 703 ostendere
911 651 1120 717 praetextatus
1137 652 1168 704 ct

161 732 380 802 ggausapatus
398 741 489 801 quarn
509 725 599 786 nudis
623 726 759 800 scapulis
781 733 832 786 aut
855 731 1022 789 semitectis.
1052 726 1166 787 Omnes

189 810 263 870 mihi
278 826 317 868 ex
331 815 403 869 voto
431 809 498 869 dies
514 809 633 869 cedant.
662 825 762 869 novae
776 811 993 885 gratulationes
1012 812 1166 886 prioribus

190 895 406 956 subtexantur:
427 909 490 953 uon
510 892 550 952 oh
564 892 623 953 hoc
636 893 711 953 mihi
730 894 870 968 placebo.
897 895 980 955 Muta
1000 896 1030 954 in
1047 901 1165 955 contra·

189 980 266 1039 rium
282 977 361 1037 hanc
376 975 593 1052 indulgentiam
613 979 770 1053 temporis,
789 977 860 1038 hinc
877 978 959 1038 illinc
979 979 1167 1054 percutiatur

188 1061 308 1123 unimus
321 1061 442 1135 damno,
457 1062 549 1134 luctu,
563 1060 789 1121 incursionibus
800 1062 903 1135 variis,
917 1063 1001 1122 nulla
1012 1062 1090 1123 hora
1100 1063 1167 1122 sine

190 1146 291 1220 aliqua
313 1146 437 1220 querela
456 1145 511 1204 sita
539 1161 600 1204 non
620 1143 690 1205 ideo
710 1160 760 1204 me
781 1145 880 1206 dicam
898 1146 977 1207 inter
998 1146 1166 1206 miserrima

188 1228 343 1301 miserum,
362 1245 422 1289 nun
438 1228 507 1288 ideo
523 1228 655 1305 aliquem
676 1230 862 1290 exsecrabor
884 1230 975 1290 diem.
1008 1229 1166 1304 provisum

188 1313 332 1373 estenim
345 1329 364 1372 a
377 1328 434 1387 me,
456 1311 579 1387 nequis
599 1311 671 1372 mihi
690 1319 754 1372 ater
775 1313 841 1373 dies
863 1322 955 1374 esset.
991 1313 1071 1387 Quid
1092 1329 1164 1388 ergo

188 1404 258 1458 esti
285 1398 365 1457 malo
386 1397 498 1472 gaudia
512 1392 691 1471 temperare,
707 1412 797 1471 quam
819 1397 944 1459 dolores
965 1412 1164 1472 conpescere.

158 1482 256 1546 iHoc
277 1481 330 1541 tibi
351 1481 403 1542 ille
418 1479 561 1541 Socrates
580 1480 675 1541 diaeta
703 1481 752 1540 iac
770 1497 820 1540 me
839 1481 986 1542 victorem
1006 1482 1164 1542 universa·

190 1583 257 1626 rum
276 1566 421 1640 gentium.
448 1563 596 1625 delicatus
616 1563 667 1624 ille
679 1562 779 1625 Liberi
800 1581 908 1626 currus
927 1565 1163 1640 triumphantem

188 1666 291 1725 usque
305 1650 345 1708 ad
358 1647 477 1709 Thebas
493 1649 601 1717 asolis
619 1655 687 1708 ortu
704 1648 806 1709 vehat.
828 1649 894 1710 iura
907 1665 997 1724 reges
1009 1649 1163 1724 penatium

191 1740 307 1807 petant:
330 1749 378 1792 me
396 1732 548 1792 hominem
569 1747 640 1792 esse
662 1732 794 1791 maxime
814 1733 969 1807 cogitabo,
994 1749 1063 1793 cum
1088 1733 1164 1792 dens

190 1817 326 1890 undique
348 1817 574 1876 consalutabor.
621 1815 698 1875 Huic
717 1823 778 1877 tam
799 1814 921 1875 sublimi
948 1817 1070 1891 fastigio
1094 1831 1163 1876 con-

190 1901 282 1973 iunge
304 1899 442 1974 protinus
459 1899 660 1974 praecipitem
681 1897 884 1960 mutationem.
913 1901 943 1959 in
965 1899 1100 1960 alienum
1121 1900 1163 1958 in·

190 1999 289 2059 ponar
314 1981 472 2042 iericulum
502 1988 705 2044 exornaturus
730 1983 857 2044 victoris
887 1982 1012 2058 superbi
1042 1999 1080 2043 ac
1109 1983 1164 2042 ieri

121 2133 127 2146 ,
190 2083 351 2142 pompam:
372 2081 433 2125 non
453 2065 594 2126 humilior
616 2066 673 2126 sub
693 2068 792 2127 alieno
815 2083 906 2128 curru
927 2083 1000 2142 agar
1021 2083 1114 2141 quarn
1135 2065 1164 2126 in

188 2167 257 2212 rnen
272 2156 424 2210 steteram.
456 2150 532 2223 Quid
547 2166 620 2225 ergo
640 2157 707 2210 estt
724 2151 846 2211 vincere
859 2158 959 2211 mmen
982 2166 1076 2226 quam
1096 2149 1164 2224 capi

158 2237 280 2296 tmalo.
315 2234 421 2294 Tolum
437 2236 577 2295 iortunae
590 2250 716 2308 reguum
732 2233 909 2309 despiciam,
932 2234 988 2295 sed
1004 2251 1043 2294 ex
1058 2234 1122 2308 illo,
1138 2234 1163 2293 si

190 2320 310 2380 dabitur
324 2318 441 2392 electio,
465 2317 590 2378 meliora
612 2335 738 2378 sumam.
769 2318 919 2394 Quicquid
940 2319 979 2379 ad
1000 2334 1049 2378 me
1071 2333 1164 2378 vene·

189 2403 235 2479 rit,
251 2404 364 2464 bonum
378 2403 439 2477 liet,
459 2403 515 2462 sed
531 2404 609 2463 malo
628 2402 763 2463 inciliora
791 2419 827 2462 ac
841 2402 1022 2476 iucundiora
1043 2403 1165 2462 veniant

189 2496 220 2547 et
233 2490 333 2547 minus
355 2494 503 2546 vexatura
518 2494 705 2549 tractantem.
735 2502 796 2545 non
818 2494 865 2546 est
884 2488 972 2559 enim,
995 2486 1081 2562 quod
1101 2485 1163 2546 exi·

189 2572 294 2632 stimes
309 2572 400 2630 ullam
416 2587 486 2630 esse
504 2571 571 2631 sine
588 2571 693 2631 labore
707 2568 855 2644 virtutem,
872 2571 928 2631 sed
940 2571 1091 2644 quaedam
1106 2571 1163 2629 vir·

159 2664 269 2720 6tutes
291 2655 436 2729 stimulis,
464 2656 614 2731 quaedam
640 2655 735 2714 irenis
763 2660 861 2728 egent.
902 2653 1163 2728 Quemadmodum

190 2756 303 2813 corpus
319 2739 348 2798 in
364 2738 492 2814 proclivi
514 2739 635 2799 retineri
652 2738 749 2809 debel,
766 2739 916 2798 adversus
933 2738 1030 2797 ardua
1049 2737 1162 2812 inpelli,

189 2824 230 2882 ita
255 2823 404 2898 quaedam
424 2823 548 2882 virtutes
568 2821 599 2882 in
621 2820 749 2896 proclivi
771 2829 856 2897 sunt,
882 2822 1032 2897 quaedam
1053 2821 1163 2881 clivum

189 2908 329 2968 subeunt.
358 2923 396 2966 an
413 2906 537 2966 dubium
554 2905 600 2979 sil,
624 2906 695 2979 quin
712 2907 866 2979 escendat,
887 2906 1006 2980 nitatur,
1028 2905 1163 2965 oblucte-

189 2997 237 3055 tur
253 2991 405 3066 paticntiu,
422 2990 576 3062 tortitudo,
593 2989 822 3064 perseverantia
832 2996 863 3048 et
876 3002 1091 3063 quaecumque
1105 2988 1163 3046 alia

157 3081 174 3138 i
188 3076 273 3135 duris
291 3075 434 3149 opposita
448 3074 543 3133 virtus
559 3081 648 3133 estet
660 3074 810 3133 fortunam
826 3072 960 3148 subigit?
973 3071 1052 3146 Quid
1068 3076 1163 3146 ergot

189 3174 360 3234 nonaeque
382 3158 572 3218 manifestum
588 3164 636 3216 est
650 3173 705 3231 per
719 3159 872 3216 devexum
886 3155 930 3215 ire
944 3156 1162 3226 liberalitatem,

188 3243 432 3317 temperantiam,
453 3241 736 3302 mansuetudinem?
762 3241 796 3299 ln
817 3240 864 3299 his
886 3240 1077 3300 continemus
1100 3237 1162 3297 ani·

188 3342 278 3397 mum,
304 3341 343 3384 ne
365 3325 553 3399 prolabatur,
580 3324 610 3383 in
630 3324 689 3384 illis
710 3324 906 3384 exhortamur
924 3323 1162 3398 incitamusquer

188 3408 351 3468 acerrimas
378 3425 450 3484 ergo
473 3408 642 3484 paupertati
663 3407 887 3482 adhibebimus,
914 3408 980 3466 illas
1003 3423 1084 3482 quae
1105 3421 1161 3481 pu-

188 3507 281 3567 gnare
303 3492 415 3563 sciunt,
438 3493 588 3554 tortiores.
624 3493 735 3554 divitiis
756 3492 823 3552 illas
844 3491 1060 3566 diligentiores,
1083 3505 1163 3567 quae
