<?xml version="1.0" encoding="UTF-8"?>
<!DOCTYPE html PUBLIC "-//W3C//DTD XHTML 1.0 Transitional//EN"
    "http://www.w3.org/TR/xhtml1/DTD/xhtml1-transitional.dtd">
<html xmlns="http://www.w3.org/1999/xhtml" xml:lang="en" lang="en">
 <head>
  <title>
</title>
<meta http-equiv="Content-Type" content="text/html;charset=utf-8" />
  <meta name='ocr-system' content='tesseract 3.04.00' />
  <meta name='ocr-capabilities' content='ocr_page ocr_carea ocr_par ocr_line ocrx_word'/>
</head>
<body>
  <div class='ocr_page' id='page_1' title='image "./lannaeisenecaeo05senegoog_0010.png"; bbox 0 0 2438 3968; ppageno 0'>
   <div class='ocr_carea' id='block_1_1' title="bbox 223 646 979 779">
    <p class='ocr_par' dir='ltr' id='par_1_1' title="bbox 223 646 979 779">
     <span class='ocr_line' id='line_1_1' title="bbox 223 646 979 779; baseline 0.005 -17"><span class='ocrx_word' id='word_1_1' title='bbox 223 667 566 763; x_wconf 88' lang='grc' dir='ltr'>ιιιι.ιιιιιι</span> <span class='ocrx_word' id='word_1_2' title='bbox 597 667 907 779; x_wconf 75' lang='lat' dir='ltr'><strong>rulliano.</strong></span> <span class='ocrx_word' id='word_1_3' title='bbox 977 646 979 651; x_wconf 78' lang='grc'><em>’</em></span> 
     </span>
    </p>
   </div>
   <div class='ocr_carea' id='block_1_2' title="bbox 504 910 628 925">
    <p class='ocr_par' dir='ltr' id='par_1_2' title="bbox 504 910 628 925">
     <span class='ocr_line' id='line_1_2' title="bbox 504 910 628 925; baseline 0.016 -2"><span class='ocrx_word' id='word_1_4' title='bbox 504 910 628 925; x_wconf 62' lang='lat' dir='ltr'><strong>nnn—hun-</strong></span> 
     </span>
    </p>
   </div>
   <div class='ocr_carea' id='block_1_3' title="bbox 54 1048 1072 3496">
    <p class='ocr_par' dir='ltr' id='par_1_3' title="bbox 54 1048 1072 3496">
     <span class='ocr_line' id='line_1_3' title="bbox 126 1048 1070 1150; baseline -0.004 -10"><span class='ocrx_word' id='word_1_5' title='bbox 126 1048 161 1140; x_wconf 78' lang='lat' dir='ltr'><strong>ll·</strong></span> <span class='ocrx_word' id='word_1_6' title='bbox 180 1087 276 1136; x_wconf 75' lang='lat' dir='ltr'><strong>Annaei</strong></span> <span class='ocrx_word' id='word_1_7' title='bbox 296 1085 409 1137; x_wconf 82' lang='lat' dir='ltr'><strong>Senecae</strong></span> <span class='ocrx_word' id='word_1_8' title='bbox 425 1087 488 1137; x_wconf 74' lang='lat' dir='ltr'><strong>libri·</strong></span> <span class='ocrx_word' id='word_1_9' title='bbox 501 1101 653 1150; x_wconf 87' lang='lat' dir='ltr'><strong>quamquam</strong></span> <span class='ocrx_word' id='word_1_10' title='bbox 671 1087 776 1138; x_wconf 88' lang='lat' dir='ltr'><strong>multum</strong></span> <span class='ocrx_word' id='word_1_11' title='bbox 786 1087 856 1137; x_wconf 85' lang='lat' dir='ltr'><strong>lecti</strong></span> <span class='ocrx_word' id='word_1_12' title='bbox 870 1101 919 1138; x_wconf 89' lang='lat' dir='ltr'><strong>neo</strong></span> <span class='ocrx_word' id='word_1_13' title='bbox 934 1098 990 1139; x_wconf 83' lang='lat' dir='ltr'><strong>rsro</strong></span> <span class='ocrx_word' id='word_1_14' title='bbox 1008 1088 1070 1140; x_wconf 79' lang='lat' dir='ltr'><strong>editi</strong></span> 
     </span>
     <span class='ocr_line' id='line_1_4' title="bbox 58 1155 1070 1221; baseline 0.007 -19"><span class='ocrx_word' id='word_1_15' title='bbox 58 1161 131 1213; x_wconf 86' lang='lat' dir='ltr'><strong>sunt,</strong></span> <span class='ocrx_word' id='word_1_16' title='bbox 152 1162 239 1205; x_wconf 84' lang='lat' dir='ltr'><strong>tamea</strong></span> <span class='ocrx_word' id='word_1_17' title='bbox 255 1155 308 1205; x_wconf 85' lang='lat' dir='ltr'><strong>dici</strong></span> <span class='ocrx_word' id='word_1_18' title='bbox 326 1170 376 1205; x_wconf 90' lang='lat' dir='ltr'><strong>uon</strong></span> <span class='ocrx_word' id='word_1_19' title='bbox 393 1163 491 1221; x_wconf 83' lang='lat' dir='ltr'><strong>potest,</strong></span> <span class='ocrx_word' id='word_1_20' title='bbox 515 1163 576 1218; x_wconf 80' lang='lat' dir='ltr'><strong>quet</strong></span> <span class='ocrx_word' id='word_1_21' title='bbox 593 1157 676 1217; x_wconf 77' lang='lat' dir='ltr'><strong>vitiis,</strong></span> <span class='ocrx_word' id='word_1_22' title='bbox 695 1163 756 1219; x_wconf 89' lang='lat' dir='ltr'><strong>quot</strong></span> <span class='ocrx_word' id='word_1_23' title='bbox 772 1156 1008 1221; x_wconf 70' lang='lat' dir='ltr'><strong>interpolationibus</strong></span> <span class='ocrx_word' id='word_1_24' title='bbox 1025 1158 1070 1209; x_wconf 76' lang='lat' dir='ltr'><strong>ob-</strong></span> 
     </span>
     <span class='ocr_line' id='line_1_5' title="bbox 57 1222 1070 1290; baseline 0.007 -20"><span class='ocrx_word' id='word_1_25' title='bbox 57 1222 123 1271; x_wconf 89' lang='lat' dir='ltr'><strong>sessi</strong></span> <span class='ocrx_word' id='word_1_26' title='bbox 148 1222 255 1284; x_wconf 84' lang='lat' dir='ltr'><strong>luerint,</strong></span> <span class='ocrx_word' id='word_1_27' title='bbox 280 1226 361 1276; x_wconf 84' lang='lat' dir='ltr'><strong>donec</strong></span> <span class='ocrx_word' id='word_1_28' title='bbox 386 1239 467 1290; x_wconf 81' lang='lat' dir='ltr'>nuper</span> <span class='ocrx_word' id='word_1_29' title='bbox 488 1225 625 1275; x_wconf 78' lang='lat' dir='ltr'><strong>admodum</strong></span> <span class='ocrx_word' id='word_1_30' title='bbox 646 1234 747 1276; x_wconf 85' lang='lat' dir='ltr'><strong>strenua</strong></span> <span class='ocrx_word' id='word_1_31' title='bbox 762 1225 872 1276; x_wconf 80' lang='lat' dir='ltr'><strong>Fickerti</strong></span> <span class='ocrx_word' id='word_1_32' title='bbox 889 1240 1070 1290; x_wconf 81' lang='lat' dir='ltr'><strong>opem-novam</strong></span> 
     </span>
     <span class='ocr_line' id='line_1_6' title="bbox 57 1292 1070 1359; baseline 0.008 -21"><span class='ocrx_word' id='word_1_33' title='bbox 57 1305 139 1354; x_wconf 89' lang='lat' dir='ltr'><strong>paene</strong></span> <span class='ocrx_word' id='word_1_34' title='bbox 154 1292 245 1344; x_wconf 84' lang='lat' dir='ltr'><strong>laciem</strong></span> <span class='ocrx_word' id='word_1_35' title='bbox 263 1293 411 1353; x_wconf 83' lang='lat' dir='ltr'><strong>induerunt,</strong></span> <span class='ocrx_word' id='word_1_36' title='bbox 429 1309 495 1356; x_wconf 86' lang='lat' dir='ltr'><strong>qnae</strong></span> <span class='ocrx_word' id='word_1_37' title='bbox 509 1294 543 1345; x_wconf 88' lang='lat' dir='ltr'><strong>ad</strong></span> <span class='ocrx_word' id='word_1_38' title='bbox 559 1308 642 1343; x_wconf 85' lang='lat' dir='ltr'><strong>reram</strong></span> <span class='ocrx_word' id='word_1_39' title='bbox 658 1309 689 1345; x_wconf 85' lang='lat' dir='ltr'><strong>ao</strong></span> <span class='ocrx_word' id='word_1_40' title='bbox 706 1294 842 1359; x_wconf 47' lang='lat' dir='ltr'><strong>&amp;aninam</strong></span> <span class='ocrx_word' id='word_1_41' title='bbox 856 1309 936 1358; x_wconf 81' lang='lat' dir='ltr'>prope</span> <span class='ocrx_word' id='word_1_42' title='bbox 951 1297 1070 1352; x_wconf 68' lang='lat' dir='ltr'><strong>amadata</strong></span> 
     </span>
     <span class='ocr_line' id='line_1_7' title="bbox 57 1360 1070 1428; baseline 0.005 -20"><span class='ocrx_word' id='word_1_43' title='bbox 57 1362 211 1425; x_wconf 82' lang='lat' dir='ltr'><strong>comparatis</strong></span> <span class='ocrx_word' id='word_1_44' title='bbox 233 1363 303 1411; x_wconf 85' lang='lat' dir='ltr'><strong>enim</strong></span> <span class='ocrx_word' id='word_1_45' title='bbox 323 1360 369 1410; x_wconf 83' lang='lat' dir='ltr'><strong>llic</strong></span> <span class='ocrx_word' id='word_1_46' title='bbox 386 1370 412 1412; x_wconf 88' lang='lat' dir='ltr'><strong>et</strong></span> <span class='ocrx_word' id='word_1_47' title='bbox 429 1362 581 1413; x_wconf 71' lang='lat' dir='ltr'><strong>editionibus</strong></span> <span class='ocrx_word' id='word_1_48' title='bbox 599 1363 728 1428; x_wconf 73' lang='lat' dir='ltr'><strong>prioribus</strong></span> <span class='ocrx_word' id='word_1_49' title='bbox 744 1376 828 1426; x_wconf 70' lang='lat' dir='ltr'><strong>pacm</strong></span> <span class='ocrx_word' id='word_1_50' title='bbox 843 1364 961 1412; x_wconf 88' lang='lat' dir='ltr'><strong>omnibus</strong></span> <span class='ocrx_word' id='word_1_51' title='bbox 980 1373 1004 1414; x_wconf 89' lang='lat' dir='ltr'><strong>et</strong></span> <span class='ocrx_word' id='word_1_52' title='bbox 1024 1379 1070 1413; x_wconf 83' lang='lat' dir='ltr'><strong>ex·</strong></span> 
     </span>
     <span class='ocr_line' id='line_1_8' title="bbox 57 1429 1070 1495; baseline 0.005 -18"><span class='ocrx_word' id='word_1_53' title='bbox 57 1430 140 1478; x_wconf 81' lang='lat' dir='ltr'><strong>cussis</strong></span> <span class='ocrx_word' id='word_1_54' title='bbox 157 1430 290 1495; x_wconf 86' lang='lat' dir='ltr'><strong>permultis</strong></span> <span class='ocrx_word' id='word_1_55' title='bbox 307 1429 380 1480; x_wconf 88' lang='lat' dir='ltr'><strong>libris</strong></span> <span class='ocrx_word' id='word_1_56' title='bbox 396 1445 468 1492; x_wconf 78' lang='lat' dir='ltr'><strong>mss,</strong></span> <span class='ocrx_word' id='word_1_57' title='bbox 485 1433 551 1480; x_wconf 89' lang='lat' dir='ltr'><strong>inter</strong></span> <span class='ocrx_word' id='word_1_58' title='bbox 569 1446 633 1493; x_wconf 86' lang='lat' dir='ltr'><strong>quos</strong></span> <span class='ocrx_word' id='word_1_59' title='bbox 651 1433 726 1481; x_wconf 81' lang='lat' dir='ltr'><strong>etiem</strong></span> <span class='ocrx_word' id='word_1_60' title='bbox 741 1431 974 1495; x_wconf 81' lang='lat' dir='ltr'><strong>praestantissimos</strong></span> <span class='ocrx_word' id='word_1_61' title='bbox 992 1447 1070 1494; x_wconf 81' lang='lat' dir='ltr'><strong>qnos·</strong></span> 
     </span>
     <span class='ocr_line' id='line_1_9' title="bbox 57 1497 1071 1562; baseline 0.004 -16"><span class='ocrx_word' id='word_1_62' title='bbox 57 1497 116 1546; x_wconf 85' lang='lat' dir='ltr'><strong>dam</strong></span> <span class='ocrx_word' id='word_1_63' title='bbox 134 1505 224 1548; x_wconf 77' lang='lat' dir='ltr'><strong>uectus</strong></span> <span class='ocrx_word' id='word_1_64' title='bbox 242 1507 297 1562; x_wconf 87' lang='lat' dir='ltr'><strong>est,</strong></span> <span class='ocrx_word' id='word_1_65' title='bbox 322 1498 491 1562; x_wconf 71' lang='lat' dir='ltr'><strong>reliquisque,</strong></span> <span class='ocrx_word' id='word_1_66' title='bbox 515 1500 538 1548; x_wconf 93' lang='lat' dir='ltr'><strong>si</strong></span> <span class='ocrx_word' id='word_1_67' title='bbox 553 1514 604 1562; x_wconf 92' lang='lat' dir='ltr'><strong>qua</strong></span> <span class='ocrx_word' id='word_1_68' title='bbox 621 1509 705 1558; x_wconf 87' lang='lat' dir='ltr'><strong>erant,</strong></span> <span class='ocrx_word' id='word_1_69' title='bbox 727 1499 829 1548; x_wconf 82' lang='lat' dir='ltr'><strong>auxiliis</strong></span> <span class='ocrx_word' id='word_1_70' title='bbox 845 1499 968 1550; x_wconf 88' lang='lat' dir='ltr'><strong>adhibitis</strong></span> <span class='ocrx_word' id='word_1_71' title='bbox 987 1499 1071 1551; x_wconf 83' lang='lat' dir='ltr'><strong>iacere</strong></span> 
     </span>
     <span class='ocr_line' id='line_1_10' title="bbox 56 1567 1071 1633; baseline 0.004 -18"><span class='ocrx_word' id='word_1_72' title='bbox 56 1567 153 1631; x_wconf 92' lang='lat' dir='ltr'><strong>potuit,</strong></span> <span class='ocrx_word' id='word_1_73' title='bbox 177 1568 246 1629; x_wconf 91' lang='lat' dir='ltr'><strong>quod</strong></span> <span class='ocrx_word' id='word_1_74' title='bbox 269 1580 345 1617; x_wconf 86' lang='lat' dir='ltr'><strong>acmo</strong></span> <span class='ocrx_word' id='word_1_75' title='bbox 368 1576 427 1617; x_wconf 90' lang='lat' dir='ltr'><strong>ante</strong></span> <span class='ocrx_word' id='word_1_76' title='bbox 450 1582 520 1626; x_wconf 86' lang='lat' dir='ltr'><strong>eum,</strong></span> <span class='ocrx_word' id='word_1_77' title='bbox 543 1576 572 1616; x_wconf 90' lang='lat' dir='ltr'><strong>ut</strong></span> <span class='ocrx_word' id='word_1_78' title='bbox 594 1582 645 1617; x_wconf 89' lang='lat' dir='ltr'><strong>non</strong></span> <span class='ocrx_word' id='word_1_79' title='bbox 667 1568 763 1631; x_wconf 82' lang='lat' dir='ltr'><strong>aliquot</strong></span> <span class='ocrx_word' id='word_1_80' title='bbox 779 1568 842 1618; x_wconf 91' lang='lat' dir='ltr'><strong>locis</strong></span> <span class='ocrx_word' id='word_1_81' title='bbox 859 1568 956 1633; x_wconf 84' lang='lat' dir='ltr'><strong>passim</strong></span> <span class='ocrx_word' id='word_1_82' title='bbox 974 1568 1071 1632; x_wconf 86' lang='lat' dir='ltr'><strong>aliquid</strong></span> 
     </span>
     <span class='ocr_line' id='line_1_11' title="bbox 57 1634 1071 1701; baseline 0.006 -19"><span class='ocrx_word' id='word_1_83' title='bbox 57 1634 149 1684; x_wconf 87' lang='lat' dir='ltr'><strong>melius</strong></span> <span class='ocrx_word' id='word_1_84' title='bbox 173 1644 317 1697; x_wconf 86' lang='lat' dir='ltr'><strong>quaereret,</strong></span> <span class='ocrx_word' id='word_1_85' title='bbox 342 1637 388 1687; x_wconf 90' lang='lat' dir='ltr'><strong>sed</strong></span> <span class='ocrx_word' id='word_1_86' title='bbox 412 1636 554 1701; x_wconf 76' lang='lat' dir='ltr'><strong>exploraret</strong></span> <span class='ocrx_word' id='word_1_87' title='bbox 575 1637 682 1699; x_wconf 91' lang='lat' dir='ltr'><strong>ubique,</strong></span> <span class='ocrx_word' id='word_1_88' title='bbox 703 1637 765 1700; x_wconf 90' lang='lat' dir='ltr'><strong>quid</strong></span> <span class='ocrx_word' id='word_1_89' title='bbox 782 1651 868 1687; x_wconf 77' lang='lat' dir='ltr'><strong>renam</strong></span> <span class='ocrx_word' id='word_1_90' title='bbox 884 1645 960 1687; x_wconf 79' lang='lat' dir='ltr'><strong>esset.</strong></span> <span class='ocrx_word' id='word_1_91' title='bbox 996 1637 1071 1696; x_wconf 82' lang='lat' dir='ltr'><strong>Quod</strong></span> 
     </span>
     <span class='ocr_line' id='line_1_12' title="bbox 57 1704 1072 1771; baseline 0.003 -19"><span class='ocrx_word' id='word_1_92' title='bbox 57 1718 109 1766; x_wconf 85' lang='lat' dir='ltr'><strong>qua</strong></span> <span class='ocrx_word' id='word_1_93' title='bbox 124 1706 273 1768; x_wconf 83' lang='lat' dir='ltr'><strong>prudentie,</strong></span> <span class='ocrx_word' id='word_1_94' title='bbox 293 1720 344 1768; x_wconf 89' lang='lat' dir='ltr'><strong>qus</strong></span> <span class='ocrx_word' id='word_1_95' title='bbox 360 1705 491 1771; x_wconf 76' lang='lat' dir='ltr'><strong>diligentia</strong></span> <span class='ocrx_word' id='word_1_96' title='bbox 508 1705 654 1770; x_wconf 83' lang='lat' dir='ltr'><strong>perfecerit,</strong></span> <span class='ocrx_word' id='word_1_97' title='bbox 681 1704 741 1755; x_wconf 87' lang='lat' dir='ltr'><strong>nolo</strong></span> <span class='ocrx_word' id='word_1_98' title='bbox 758 1720 825 1755; x_wconf 88' lang='lat' dir='ltr'><strong>nnnc</strong></span> <span class='ocrx_word' id='word_1_99' title='bbox 843 1707 869 1754; x_wconf 91' lang='lat' dir='ltr'><strong>in</strong></span> <span class='ocrx_word' id='word_1_100' title='bbox 887 1708 968 1757; x_wconf 87' lang='lat' dir='ltr'><strong>amico</strong></span> <span class='ocrx_word' id='word_1_101' title='bbox 987 1714 1072 1756; x_wconf 82' lang='lat' dir='ltr'><strong>vetere</strong></span> 
     </span>
     <span class='ocr_line' id='line_1_13' title="bbox 56 1771 1070 1838; baseline 0.004 -17"><span class='ocrx_word' id='word_1_102' title='bbox 56 1771 178 1823; x_wconf 84' lang='lat' dir='ltr'><strong>laudibus</strong></span> <span class='ocrx_word' id='word_1_103' title='bbox 193 1774 334 1835; x_wconf 87' lang='lat' dir='ltr'><strong>celebrare,</strong></span> <span class='ocrx_word' id='word_1_104' title='bbox 359 1775 386 1825; x_wconf 92' lang='lat' dir='ltr'><strong>id</strong></span> <span class='ocrx_word' id='word_1_105' title='bbox 401 1774 471 1838; x_wconf 90' lang='lat' dir='ltr'><strong>quod</strong></span> <span class='ocrx_word' id='word_1_106' title='bbox 488 1783 512 1823; x_wconf 88' lang='lat' dir='ltr'><strong>ct</strong></span> <span class='ocrx_word' id='word_1_107' title='bbox 530 1774 573 1824; x_wconf 90' lang='lat' dir='ltr'><strong>alii</strong></span> <span class='ocrx_word' id='word_1_108' title='bbox 591 1774 704 1825; x_wconf 85' lang='lat' dir='ltr'><strong>lecerunt</strong></span> <span class='ocrx_word' id='word_1_109' title='bbox 719 1783 777 1837; x_wconf 81' lang='lat' dir='ltr'><strong>ante</strong></span> <span class='ocrx_word' id='word_1_110' title='bbox 794 1789 834 1824; x_wconf 84' lang='lat' dir='ltr'><strong>nic</strong></span> <span class='ocrx_word' id='word_1_111' title='bbox 853 1782 877 1824; x_wconf 89' lang='lat' dir='ltr'><strong>et</strong></span> <span class='ocrx_word' id='word_1_112' title='bbox 895 1775 989 1825; x_wconf 86' lang='lat' dir='ltr'><strong>iaoient</strong></span> <span class='ocrx_word' id='word_1_113' title='bbox 1002 1789 1070 1825; x_wconf 85' lang='lat' dir='ltr'><strong>sem·</strong></span> 
     </span>
     <span class='ocr_line' id='line_1_14' title="bbox 57 1842 1069 1910; baseline 0.004 -20"><span class='ocrx_word' id='word_1_114' title='bbox 57 1855 104 1907; x_wconf 90' lang='lat' dir='ltr'><strong>per</strong></span> <span class='ocrx_word' id='word_1_115' title='bbox 114 1843 264 1906; x_wconf 81' lang='lat' dir='ltr'><strong>quicumque</strong></span> <span class='ocrx_word' id='word_1_116' title='bbox 282 1854 396 1894; x_wconf 76' lang='lat' dir='ltr'><strong>eocnmte</strong></span> <span class='ocrx_word' id='word_1_117' title='bbox 410 1857 564 1910; x_wconf 71' lang='lat' dir='ltr'><strong>cogitoscore</strong></span> <span class='ocrx_word' id='word_1_118' title='bbox 576 1844 672 1902; x_wconf 76' lang='lat' dir='ltr'><strong>volent,</strong></span> <span class='ocrx_word' id='word_1_119' title='bbox 690 1844 752 1905; x_wconf 88' lang='lat' dir='ltr'><strong>quid</strong></span> <span class='ocrx_word' id='word_1_120' title='bbox 764 1859 865 1910; x_wconf 87' lang='lat' dir='ltr'><strong>quoque</strong></span> <span class='ocrx_word' id='word_1_121' title='bbox 878 1842 936 1894; x_wconf 89' lang='lat' dir='ltr'><strong>loco</strong></span> <span class='ocrx_word' id='word_1_122' title='bbox 945 1842 1069 1894; x_wconf 77' lang='lat' dir='ltr'><strong>Senecam</strong></span> 
     </span>
     <span class='ocr_line' id='line_1_15' title="bbox 56 1911 1070 1975; baseline 0.001 -15"><span class='ocrx_word' id='word_1_123' title='bbox 56 1911 192 1975; x_wconf 86' lang='lat' dir='ltr'><strong>scripsisse</strong></span> <span class='ocrx_word' id='word_1_124' title='bbox 216 1913 355 1962; x_wconf 81' lang='lat' dir='ltr'><strong>verisimile</strong></span> <span class='ocrx_word' id='word_1_125' title='bbox 376 1914 417 1962; x_wconf 91' lang='lat' dir='ltr'><strong>sit.</strong></span> <span class='ocrx_word' id='word_1_126' title='bbox 462 1911 552 1975; x_wconf 86' lang='lat' dir='ltr'><strong>Neque.</strong></span> <span class='ocrx_word' id='word_1_127' title='bbox 570 1921 654 1962; x_wconf 81' lang='lat' dir='ltr'><strong>tamen</strong></span> <span class='ocrx_word' id='word_1_128' title='bbox 678 1912 829 1962; x_wconf 87' lang='lat' dir='ltr'><strong>credendum</strong></span> <span class='ocrx_word' id='word_1_129' title='bbox 853 1920 905 1974; x_wconf 87' lang='lat' dir='ltr'><strong>est,</strong></span> <span class='ocrx_word' id='word_1_130' title='bbox 929 1912 993 1962; x_wconf 89' lang='lat' dir='ltr'><strong>nihil</strong></span> <span class='ocrx_word' id='word_1_131' title='bbox 1016 1912 1070 1962; x_wconf 85' lang='lat' dir='ltr'><strong>iere</strong></span> 
     </span>
     <span class='ocr_line' id='line_1_16' title="bbox 56 1979 1071 2047; baseline 0.002 -18"><span class='ocrx_word' id='word_1_132' title='bbox 56 1979 199 2030; x_wconf 70' lang='lat' dir='ltr'><strong>dichorium</strong></span> <span class='ocrx_word' id='word_1_133' title='bbox 216 1997 249 2031; x_wconf 86' lang='lat' dir='ltr'><strong>cx</strong></span> <span class='ocrx_word' id='word_1_134' title='bbox 267 1982 299 2032; x_wconf 91' lang='lat' dir='ltr'><strong>iis</strong></span> <span class='ocrx_word' id='word_1_135' title='bbox 316 1981 407 2046; x_wconf 75' lang='lat' dir='ltr'><strong>reliqm</strong></span> <span class='ocrx_word' id='word_1_136' title='bbox 424 1980 528 2040; x_wconf 86' lang='lat' dir='ltr'><strong>iecisse,</strong></span> <span class='ocrx_word' id='word_1_137' title='bbox 545 1982 649 2043; x_wconf 90' lang='lat' dir='ltr'><strong>quaein</strong></span> <span class='ocrx_word' id='word_1_138' title='bbox 662 1981 809 2047; x_wconf 75' lang='lat' dir='ltr'><strong>philosophi</strong></span> <span class='ocrx_word' id='word_1_139' title='bbox 823 1981 983 2031; x_wconf 71' lang='lat' dir='ltr'><strong>disertissimi</strong></span> <span class='ocrx_word' id='word_1_140' title='bbox 997 1980 1071 2031; x_wconf 87' lang='lat' dir='ltr'><strong>libris.</strong></span> 
     </span>
     <span class='ocr_line' id='line_1_17' title="bbox 54 2048 1072 2116; baseline 0.001 -18"><span class='ocrx_word' id='word_1_141' title='bbox 54 2048 245 2116; x_wconf 81' lang='lat' dir='ltr'><strong>pbiiolcgorum</strong></span> <span class='ocrx_word' id='word_1_142' title='bbox 261 2051 346 2101; x_wconf 85' lang='lat' dir='ltr'><strong>studia</strong></span> <span class='ocrx_word' id='word_1_143' title='bbox 362 2051 556 2116; x_wconf 74' lang='lat' dir='ltr'><strong>exspectabant3</strong></span> <span class='ocrx_word' id='word_1_144' title='bbox 572 2065 632 2100; x_wconf 87' lang='lat' dir='ltr'><strong>nam</strong></span> <span class='ocrx_word' id='word_1_145' title='bbox 646 2059 676 2100; x_wconf 87' lang='lat' dir='ltr'><strong>nt</strong></span> <span class='ocrx_word' id='word_1_146' title='bbox 691 2049 736 2102; x_wconf 87' lang='lat' dir='ltr'><strong>illa</strong></span> <span class='ocrx_word' id='word_1_147' title='bbox 753 2052 879 2111; x_wconf 87' lang='lat' dir='ltr'><strong>omittam,</strong></span> <span class='ocrx_word' id='word_1_148' title='bbox 894 2049 1072 2113; x_wconf 59' lang='lat' dir='ltr'><strong>quaesturae.</strong></span> 
     </span>
     <span class='ocr_line' id='line_1_18' title="bbox 56 2119 1069 2185; baseline 0.001 -18"><span class='ocrx_word' id='word_1_149' title='bbox 56 2126 96 2168; x_wconf 84' lang='lat' dir='ltr'><strong>tus</strong></span> <span class='ocrx_word' id='word_1_150' title='bbox 119 2132 147 2167; x_wconf 93' lang='lat' dir='ltr'><strong>se</strong></span> <span class='ocrx_word' id='word_1_151' title='bbox 170 2126 379 2184; x_wconf 72' lang='lat' dir='ltr'><strong>pertractaturum</strong></span> <span class='ocrx_word' id='word_1_152' title='bbox 396 2119 524 2185; x_wconf 81' lang='lat' dir='ltr'><strong>pollicitus</strong></span> <span class='ocrx_word' id='word_1_153' title='bbox 543 2127 581 2169; x_wconf 89' lang='lat' dir='ltr'><strong>est</strong></span> <span class='ocrx_word' id='word_1_154' title='bbox 599 2119 727 2169; x_wconf 79' lang='lat' dir='ltr'><strong>volumine</strong></span> <span class='ocrx_word' id='word_1_155' title='bbox 744 2126 846 2182; x_wconf 86' lang='lat' dir='ltr'><strong>quarto,</strong></span> <span class='ocrx_word' id='word_1_156' title='bbox 870 2119 903 2169; x_wconf 88' lang='lat' dir='ltr'><strong>do</strong></span> <span class='ocrx_word' id='word_1_157' title='bbox 916 2134 967 2181; x_wconf 90' lang='lat' dir='ltr'><strong>quo</strong></span> <span class='ocrx_word' id='word_1_158' title='bbox 980 2133 1069 2169; x_wconf 81' lang='lat' dir='ltr'><strong>aurem</strong></span> 
     </span>
     <span class='ocr_line' id='line_1_19' title="bbox 55 2187 1069 2252; baseline 0.001 -16"><span class='ocrx_word' id='word_1_159' title='bbox 55 2188 81 2236; x_wconf 89' lang='lat' dir='ltr'><strong>ei</strong></span> <span class='ocrx_word' id='word_1_160' title='bbox 95 2187 235 2252; x_wconf 84' lang='lat' dir='ltr'><strong>pervellere</strong></span> <span class='ocrx_word' id='word_1_161' title='bbox 252 2203 303 2239; x_wconf 88' lang='lat' dir='ltr'><strong>non</strong></span> <span class='ocrx_word' id='word_1_162' title='bbox 320 2190 429 2247; x_wconf 87' lang='lat' dir='ltr'><strong>desisto,</strong></span> <span class='ocrx_word' id='word_1_163' title='bbox 452 2190 534 2252; x_wconf 88' lang='lat' dir='ltr'><strong>ipsam</strong></span> <span class='ocrx_word' id='word_1_164' title='bbox 553 2188 628 2237; x_wconf 85' lang='lat' dir='ltr'><strong>etiam</strong></span> <span class='ocrx_word' id='word_1_165' title='bbox 645 2189 779 2239; x_wconf 77' lang='lat' dir='ltr'><strong>verborum</strong></span> <span class='ocrx_word' id='word_1_166' title='bbox 798 2188 997 2238; x_wconf 83' lang='lat' dir='ltr'><strong>emendationem</strong></span> <span class='ocrx_word' id='word_1_167' title='bbox 1017 2200 1069 2237; x_wconf 83' lang='lat' dir='ltr'><strong>non</strong></span> 
     </span>
     <span class='ocr_line' id='line_1_20' title="bbox 55 2254 1069 2322; baseline 0.003 -18"><span class='ocrx_word' id='word_1_168' title='bbox 55 2256 139 2321; x_wconf 91' lang='lat' dir='ltr'><strong>potuit</strong></span> <span class='ocrx_word' id='word_1_169' title='bbox 154 2271 219 2307; x_wconf 85' lang='lat' dir='ltr'><strong>unus</strong></span> <span class='ocrx_word' id='word_1_170' title='bbox 233 2257 310 2308; x_wconf 85' lang='lat' dir='ltr'><strong>homo</strong></span> <span class='ocrx_word' id='word_1_171' title='bbox 324 2257 467 2315; x_wconf 85' lang='lat' dir='ltr'><strong>absolvere,</strong></span> <span class='ocrx_word' id='word_1_172' title='bbox 479 2259 637 2321; x_wconf 85' lang='lat' dir='ltr'><strong>praesertim</strong></span> <span class='ocrx_word' id='word_1_173' title='bbox 648 2258 692 2320; x_wconf 87' lang='lat' dir='ltr'><strong>qui</strong></span> <span class='ocrx_word' id='word_1_174' title='bbox 708 2258 735 2307; x_wconf 91' lang='lat' dir='ltr'><strong>id</strong></span> <span class='ocrx_word' id='word_1_175' title='bbox 751 2271 800 2307; x_wconf 91' lang='lat' dir='ltr'><strong>uon</strong></span> <span class='ocrx_word' id='word_1_176' title='bbox 812 2257 980 2322; x_wconf 57' lang='lat' dir='ltr'><strong>snrcspiseet,</strong></span> <span class='ocrx_word' id='word_1_177' title='bbox 1005 2254 1069 2307; x_wconf 80' lang='lat' dir='ltr'><strong>lium</strong></span> 
     </span>
     <span class='ocr_line' id='line_1_21' title="bbox 56 2325 1072 2391; baseline 0.002 -18"><span class='ocrx_word' id='word_1_178' title='bbox 56 2325 124 2374; x_wconf 82' lang='lat' dir='ltr'><strong>enim</strong></span> <span class='ocrx_word' id='word_1_179' title='bbox 146 2325 198 2375; x_wconf 86' lang='lat' dir='ltr'><strong>duo</strong></span> <span class='ocrx_word' id='word_1_180' title='bbox 220 2326 285 2377; x_wconf 83' lang='lat' dir='ltr'><strong>baec</strong></span> <span class='ocrx_word' id='word_1_181' title='bbox 305 2327 356 2377; x_wconf 87' lang='lat' dir='ltr'><strong>sint</strong></span> <span class='ocrx_word' id='word_1_182' title='bbox 379 2328 427 2376; x_wconf 84' lang='lat' dir='ltr'><strong>urti</strong></span> <span class='ocrx_word' id='word_1_183' title='bbox 445 2326 545 2376; x_wconf 81' lang='lat' dir='ltr'><strong>criticae</strong></span> <span class='ocrx_word' id='word_1_184' title='bbox 560 2327 704 2391; x_wconf 87' lang='lat' dir='ltr'><strong>proposita,</strong></span> <span class='ocrx_word' id='word_1_185' title='bbox 725 2326 880 2391; x_wconf 87' lang='lat' dir='ltr'><strong>primnmut</strong></span> <span class='ocrx_word' id='word_1_186' title='bbox 896 2326 1072 2388; x_wconf 74' lang='lat' dir='ltr'><strong>eacuiusqne·</strong></span> 
     </span>
     <span class='ocr_line' id='line_1_22' title="bbox 57 2393 1068 2460; baseline 0.001 -18"><span class='ocrx_word' id='word_1_187' title='bbox 57 2393 114 2442; x_wconf 86' lang='lat' dir='ltr'><strong>iibri</strong></span> <span class='ocrx_word' id='word_1_188' title='bbox 130 2393 212 2443; x_wconf 86' lang='lat' dir='ltr'><strong>iorma</strong></span> <span class='ocrx_word' id='word_1_189' title='bbox 229 2395 381 2460; x_wconf 85' lang='lat' dir='ltr'><strong>reperiatur,</strong></span> <span class='ocrx_word' id='word_1_190' title='bbox 407 2395 616 2458; x_wconf 30' lang='lat' dir='ltr'><strong>queevoodicibuo</strong></span> <span class='ocrx_word' id='word_1_191' title='bbox 631 2409 691 2444; x_wconf 85' lang='lat' dir='ltr'><strong>mss.</strong></span> <span class='ocrx_word' id='word_1_192' title='bbox 711 2394 853 2445; x_wconf 83' lang='lat' dir='ltr'><strong>continetur</strong></span> <span class='ocrx_word' id='word_1_193' title='bbox 866 2395 964 2458; x_wconf 88' lang='lat' dir='ltr'><strong>optima</strong></span> <span class='ocrx_word' id='word_1_194' title='bbox 978 2401 1005 2444; x_wconf 87' lang='lat' dir='ltr'><strong>ct</strong></span> <span class='ocrx_word' id='word_1_195' title='bbox 1023 2406 1068 2443; x_wconf 87' lang='lat' dir='ltr'><strong>an·</strong></span> 
     </span>
     <span class='ocr_line' id='line_1_23' title="bbox 54 2462 1068 2529; baseline 0.001 -19"><span class='ocrx_word' id='word_1_196' title='bbox 54 2462 214 2524; x_wconf 84' lang='lat' dir='ltr'><strong>tiquissime,</strong></span> <span class='ocrx_word' id='word_1_197' title='bbox 239 2464 331 2514; x_wconf 86' lang='lat' dir='ltr'><strong>deinde</strong></span> <span class='ocrx_word' id='word_1_198' title='bbox 354 2479 414 2513; x_wconf 83' lang='lat' dir='ltr'><strong>vero</strong></span> <span class='ocrx_word' id='word_1_199' title='bbox 435 2472 464 2513; x_wconf 86' lang='lat' dir='ltr'><strong>nt</strong></span> <span class='ocrx_word' id='word_1_200' title='bbox 485 2465 566 2528; x_wconf 88' lang='lat' dir='ltr'><strong>prima</strong></span> <span class='ocrx_word' id='word_1_201' title='bbox 587 2463 630 2513; x_wconf 88' lang='lat' dir='ltr'><strong>iila</strong></span> <span class='ocrx_word' id='word_1_202' title='bbox 654 2464 802 2529; x_wconf 77' lang='lat' dir='ltr'><strong>indagetur,</strong></span> <span class='ocrx_word' id='word_1_203' title='bbox 829 2477 896 2524; x_wconf 90' lang='lat' dir='ltr'><strong>quae</strong></span> <span class='ocrx_word' id='word_1_204' title='bbox 915 2464 947 2513; x_wconf 85' lang='lat' dir='ltr'><strong>ub</strong></span> <span class='ocrx_word' id='word_1_205' title='bbox 965 2469 1068 2512; x_wconf 88' lang='lat' dir='ltr'><strong>anctore</strong></span> 
     </span>
     <span class='ocr_line' id='line_1_24' title="bbox 54 2531 1067 2599; baseline -0.002 -17"><span class='ocrx_word' id='word_1_206' title='bbox 54 2532 113 2597; x_wconf 88' lang='lat' dir='ltr'><strong>ipso</strong></span> <span class='ocrx_word' id='word_1_207' title='bbox 127 2531 242 2597; x_wconf 82' lang='lat' dir='ltr'><strong>prolecto</strong></span> <span class='ocrx_word' id='word_1_208' title='bbox 262 2541 316 2594; x_wconf 88' lang='lat' dir='ltr'><strong>est,</strong></span> <span class='ocrx_word' id='word_1_209' title='bbox 340 2547 404 2595; x_wconf 89' lang='lat' dir='ltr'><strong>quas</strong></span> <span class='ocrx_word' id='word_1_210' title='bbox 428 2532 531 2594; x_wconf 85' lang='lat' dir='ltr'><strong>quidem</strong></span> <span class='ocrx_word' id='word_1_211' title='bbox 553 2546 631 2597; x_wconf 86' lang='lat' dir='ltr'><strong>ssepe</strong></span> <span class='ocrx_word' id='word_1_212' title='bbox 650 2532 726 2599; x_wconf 71' lang='lat' dir='ltr'><strong>longe</strong></span> <span class='ocrx_word' id='word_1_213' title='bbox 749 2532 877 2595; x_wconf 86' lang='lat' dir='ltr'><strong>discrepat</strong></span> <span class='ocrx_word' id='word_1_214' title='bbox 896 2545 912 2580; x_wconf 87' lang='lat' dir='ltr'><strong>a</strong></span> <span class='ocrx_word' id='word_1_215' title='bbox 928 2531 1067 2590; x_wconf 75' lang='lat' dir='ltr'><strong>codicibus,</strong></span> 
     </span>
     <span class='ocr_line' id='line_1_25' title="bbox 55 2599 1067 2667; baseline -0.002 -16"><span class='ocrx_word' id='word_1_216' title='bbox 55 2600 186 2651; x_wconf 74' lang='lat' dir='ltr'><strong>Fickertus</strong></span> <span class='ocrx_word' id='word_1_217' title='bbox 201 2601 303 2665; x_wconf 91' lang='lat' dir='ltr'><strong>quidem</strong></span> <span class='ocrx_word' id='word_1_218' title='bbox 318 2616 390 2651; x_wconf 89' lang='lat' dir='ltr'><strong>suam</strong></span> <span class='ocrx_word' id='word_1_219' title='bbox 405 2599 561 2666; x_wconf 72' lang='lat' dir='ltr'><strong>diligentiam</strong></span> <span class='ocrx_word' id='word_1_220' title='bbox 576 2601 602 2650; x_wconf 92' lang='lat' dir='ltr'><strong>in</strong></span> <span class='ocrx_word' id='word_1_221' title='bbox 616 2601 699 2667; x_wconf 85' lang='lat' dir='ltr'><strong>priore</strong></span> <span class='ocrx_word' id='word_1_222' title='bbox 713 2601 759 2651; x_wconf 92' lang='lat' dir='ltr'><strong>ilia</strong></span> <span class='ocrx_word' id='word_1_223' title='bbox 772 2609 846 2666; x_wconf 81' lang='lat' dir='ltr'><strong>parte</strong></span> <span class='ocrx_word' id='word_1_224' title='bbox 860 2600 981 2651; x_wconf 88' lang='lat' dir='ltr'><strong>continuit</strong></span> <span class='ocrx_word' id='word_1_225' title='bbox 994 2600 1067 2659; x_wconf 85' lang='lat' dir='ltr'><strong>adeo,</strong></span> 
     </span>
     <span class='ocr_line' id='line_1_26' title="bbox 55 2667 1067 2732; baseline 0.001 -14"><span class='ocrx_word' id='word_1_226' title='bbox 55 2674 84 2719; x_wconf 85' lang='lat' dir='ltr'><strong>ut</strong></span> <span class='ocrx_word' id='word_1_227' title='bbox 106 2684 183 2720; x_wconf 84' lang='lat' dir='ltr'><strong>unam</strong></span> <span class='ocrx_word' id='word_1_228' title='bbox 207 2670 328 2720; x_wconf 89' lang='lat' dir='ltr'><strong>librorum</strong></span> <span class='ocrx_word' id='word_1_229' title='bbox 346 2670 519 2719; x_wconf 83' lang='lat' dir='ltr'><strong>auctoritatem</strong></span> <span class='ocrx_word' id='word_1_230' title='bbox 536 2677 637 2720; x_wconf 86' lang='lat' dir='ltr'><strong>secutus</strong></span> <span class='ocrx_word' id='word_1_231' title='bbox 654 2683 843 2732; x_wconf 82' lang='lat' dir='ltr'><strong>nonnumquam</strong></span> <span class='ocrx_word' id='word_1_232' title='bbox 861 2667 939 2723; x_wconf 83' lang='lat' dir='ltr'><strong>talem</strong></span> <span class='ocrx_word' id='word_1_233' title='bbox 957 2667 1067 2719; x_wconf 85' lang='lat' dir='ltr'><strong>Senecae</strong></span> 
     </span>
     <span class='ocr_line' id='line_1_27' title="bbox 56 2737 1067 2803; baseline 0 -17"><span class='ocrx_word' id='word_1_234' title='bbox 56 2739 195 2790; x_wconf 89' lang='lat' dir='ltr'><strong>orationem</strong></span> <span class='ocrx_word' id='word_1_235' title='bbox 213 2737 337 2799; x_wconf 73' lang='lat' dir='ltr'><strong>efiiceret,</strong></span> <span class='ocrx_word' id='word_1_236' title='bbox 361 2737 462 2801; x_wconf 84' lang='lat' dir='ltr'><strong>qualem</strong></span> <span class='ocrx_word' id='word_1_237' title='bbox 482 2739 537 2787; x_wconf 88' lang='lat' dir='ltr'><strong>eius</strong></span> <span class='ocrx_word' id='word_1_238' title='bbox 555 2752 606 2788; x_wconf 89' lang='lat' dir='ltr'><strong>uon</strong></span> <span class='ocrx_word' id='word_1_239' title='bbox 624 2738 704 2788; x_wconf 86' lang='lat' dir='ltr'><strong>luisse</strong></span> <span class='ocrx_word' id='word_1_240' title='bbox 720 2737 762 2789; x_wconf 86' lang='lat' dir='ltr'><strong>vel</strong></span> <span class='ocrx_word' id='word_1_241' title='bbox 780 2739 836 2803; x_wconf 81' lang='lat' dir='ltr'><strong>ipre</strong></span> <span class='ocrx_word' id='word_1_242' title='bbox 853 2739 952 2789; x_wconf 90' lang='lat' dir='ltr'><strong>monuit</strong></span> <span class='ocrx_word' id='word_1_243' title='bbox 969 2737 1009 2787; x_wconf 85' lang='lat' dir='ltr'><strong>rel</strong></span> <span class='ocrx_word' id='word_1_244' title='bbox 1026 2751 1067 2786; x_wconf 86' lang='lat' dir='ltr'><strong>ar·</strong></span> 
     </span>
     <span class='ocr_line' id='line_1_28' title="bbox 54 2805 1072 2874; baseline 0.001 -18"><span class='ocrx_word' id='word_1_245' title='bbox 54 2810 184 2874; x_wconf 72' lang='lat' dir='ltr'><strong>gumentis</strong></span> <span class='ocrx_word' id='word_1_246' title='bbox 206 2809 281 2859; x_wconf 85' lang='lat' dir='ltr'><strong>certis</strong></span> <span class='ocrx_word' id='word_1_247' title='bbox 305 2807 471 2858; x_wconf 77' lang='lat' dir='ltr'><strong>demonstrari</strong></span> <span class='ocrx_word' id='word_1_248' title='bbox 494 2813 588 2872; x_wconf 81' lang='lat' dir='ltr'><strong>potest.</strong></span> <span class='ocrx_word' id='word_1_249' title='bbox 625 2807 792 2866; x_wconf 82' lang='lat' dir='ltr'><strong>Quamobrem</strong></span> <span class='ocrx_word' id='word_1_250' title='bbox 812 2807 874 2869; x_wconf 90' lang='lat' dir='ltr'><strong>qnid</strong></span> <span class='ocrx_word' id='word_1_251' title='bbox 891 2806 955 2857; x_wconf 89' lang='lat' dir='ltr'><strong>mihi</strong></span> <span class='ocrx_word' id='word_1_252' title='bbox 968 2805 1072 2857; x_wconf 81' lang='lat' dir='ltr'><strong>considi-</strong></span> 
     </span>
     <span class='ocr_line' id='line_1_29' title="bbox 55 2873 1066 2942; baseline -0.001 -16"><span class='ocrx_word' id='word_1_253' title='bbox 55 2875 132 2927; x_wconf 79' lang='lat' dir='ltr'><strong>mem</strong></span> <span class='ocrx_word' id='word_1_254' title='bbox 153 2878 180 2928; x_wconf 87' lang='lat' dir='ltr'><strong>iu</strong></span> <span class='ocrx_word' id='word_1_255' title='bbox 203 2892 269 2927; x_wconf 84' lang='lat' dir='ltr'><strong>nova</strong></span> <span class='ocrx_word' id='word_1_256' title='bbox 292 2876 341 2928; x_wconf 91' lang='lat' dir='ltr'><strong>hao</strong></span> <span class='ocrx_word' id='word_1_257' title='bbox 362 2876 473 2927; x_wconf 81' lang='lat' dir='ltr'><strong>editione</strong></span> <span class='ocrx_word' id='word_1_258' title='bbox 495 2876 649 2926; x_wconf 86' lang='lat' dir='ltr'><strong>instituenda</strong></span> <span class='ocrx_word' id='word_1_259' title='bbox 671 2875 745 2926; x_wconf 84' lang='lat' dir='ltr'><strong>iacile</strong></span> <span class='ocrx_word' id='word_1_260' title='bbox 762 2873 917 2942; x_wconf 69' lang='lat' dir='ltr'><strong>intelligitur.</strong></span> <span class='ocrx_word' id='word_1_261' title='bbox 954 2875 1066 2925; x_wconf 87' lang='lat' dir='ltr'><strong>Primum</strong></span> 
     </span>
     <span class='ocr_line' id='line_1_30' title="bbox 55 2943 1067 3012; baseline -0.002 -18"><span class='ocrx_word' id='word_1_262' title='bbox 55 2945 123 2995; x_wconf 85' lang='lat' dir='ltr'><strong>enim</strong></span> <span class='ocrx_word' id='word_1_263' title='bbox 140 2947 168 2996; x_wconf 91' lang='lat' dir='ltr'><strong>id</strong></span> <span class='ocrx_word' id='word_1_264' title='bbox 184 2948 239 3012; x_wconf 74' lang='lat' dir='ltr'><strong>egi,</strong></span> <span class='ocrx_word' id='word_1_265' title='bbox 256 2956 285 2996; x_wconf 90' lang='lat' dir='ltr'><strong>ut</strong></span> <span class='ocrx_word' id='word_1_266' title='bbox 302 2951 445 2997; x_wconf 79' lang='lat' dir='ltr'><strong>constanter</strong></span> <span class='ocrx_word' id='word_1_267' title='bbox 462 2959 581 3008; x_wconf 86' lang='lat' dir='ltr'><strong>sequerer</strong></span> <span class='ocrx_word' id='word_1_268' title='bbox 598 2946 751 3010; x_wconf 88' lang='lat' dir='ltr'><strong>optimorum</strong></span> <span class='ocrx_word' id='word_1_269' title='bbox 767 2945 882 2995; x_wconf 89' lang='lat' dir='ltr'><strong>codicum</strong></span> <span class='ocrx_word' id='word_1_270' title='bbox 896 2943 973 2995; x_wconf 89' lang='lat' dir='ltr'><strong>iidem</strong></span> <span class='ocrx_word' id='word_1_271' title='bbox 991 2943 1016 2992; x_wconf 93' lang='lat' dir='ltr'><strong>in</strong></span> <span class='ocrx_word' id='word_1_272' title='bbox 1034 2943 1067 2993; x_wconf 91' lang='lat' dir='ltr'><strong>iis</strong></span> 
     </span>
     <span class='ocr_line' id='line_1_31' title="bbox 54 3011 1066 3082; baseline -0.001 -18"><span class='ocrx_word' id='word_1_273' title='bbox 54 3014 120 3064; x_wconf 92' lang='lat' dir='ltr'><strong>iocis</strong></span> <span class='ocrx_word' id='word_1_274' title='bbox 141 3016 272 3082; x_wconf 87' lang='lat' dir='ltr'><strong>omnibus,</strong></span> <span class='ocrx_word' id='word_1_275' title='bbox 297 3015 435 3078; x_wconf 87' lang='lat' dir='ltr'><strong>inquibus</strong></span> <span class='ocrx_word' id='word_1_276' title='bbox 458 3014 612 3080; x_wconf 84' lang='lat' dir='ltr'><strong>probabilem</strong></span> <span class='ocrx_word' id='word_1_277' title='bbox 633 3014 783 3079; x_wconf 87' lang='lat' dir='ltr'><strong>scripturam</strong></span> <span class='ocrx_word' id='word_1_278' title='bbox 802 3012 931 3073; x_wconf 78' lang='lat' dir='ltr'><strong>offerrent,</strong></span> <span class='ocrx_word' id='word_1_279' title='bbox 952 3013 981 3063; x_wconf 91' lang='lat' dir='ltr'><strong>id</strong></span> <span class='ocrx_word' id='word_1_280' title='bbox 998 3011 1066 3075; x_wconf 76' lang='lat' dir='ltr'><strong>qmo</strong></span> 
     </span>
     <span class='ocr_line' id='line_1_32' title="bbox 55 3079 1066 3146; baseline 0 -13"><span class='ocrx_word' id='word_1_281' title='bbox 55 3081 186 3134; x_wconf 72' lang='lat' dir='ltr'><strong>lichertrm</strong></span> <span class='ocrx_word' id='word_1_282' title='bbox 200 3085 277 3136; x_wconf 88' lang='lat' dir='ltr'><strong>modo</strong></span> <span class='ocrx_word' id='word_1_283' title='bbox 293 3086 390 3143; x_wconf 85' lang='lat' dir='ltr'><strong>sciens,</strong></span> <span class='ocrx_word' id='word_1_284' title='bbox 409 3085 484 3134; x_wconf 83' lang='lat' dir='ltr'><strong>modo</strong></span> <span class='ocrx_word' id='word_1_285' title='bbox 500 3084 575 3133; x_wconf 85' lang='lat' dir='ltr'><strong>etiem</strong></span> <span class='ocrx_word' id='word_1_286' title='bbox 592 3083 693 3133; x_wconf 88' lang='lat' dir='ltr'><strong>nescius</strong></span> <span class='ocrx_word' id='word_1_287' title='bbox 708 3091 733 3134; x_wconf 89' lang='lat' dir='ltr'><strong>et</strong></span> <span class='ocrx_word' id='word_1_288' title='bbox 748 3083 842 3134; x_wconf 82' lang='lat' dir='ltr'><strong>inritus</strong></span> <span class='ocrx_word' id='word_1_289' title='bbox 856 3097 906 3131; x_wconf 92' lang='lat' dir='ltr'><strong>non</strong></span> <span class='ocrx_word' id='word_1_290' title='bbox 917 3095 1018 3146; x_wconf 88' lang='lat' dir='ltr'><strong>semper</strong></span> <span class='ocrx_word' id='word_1_291' title='bbox 1029 3079 1066 3133; x_wconf 86' lang='lat' dir='ltr'><strong>ie·</strong></span> 
     </span>
     <span class='ocr_line' id='line_1_33' title="bbox 55 3152 1066 3218; baseline -0.003 -15"><span class='ocrx_word' id='word_1_292' title='bbox 55 3153 98 3203; x_wconf 82' lang='lat' dir='ltr'><strong>ait.</strong></span> <span class='ocrx_word' id='word_1_293' title='bbox 133 3154 232 3205; x_wconf 85' lang='lat' dir='ltr'><strong>Deinde</strong></span> <span class='ocrx_word' id='word_1_294' title='bbox 252 3170 312 3205; x_wconf 82' lang='lat' dir='ltr'><strong>vero</strong></span> <span class='ocrx_word' id='word_1_295' title='bbox 334 3154 378 3203; x_wconf 86' lang='lat' dir='ltr'><strong>ubi</strong></span> <span class='ocrx_word' id='word_1_296' title='bbox 398 3152 521 3203; x_wconf 89' lang='lat' dir='ltr'><strong>librorum</strong></span> <span class='ocrx_word' id='word_1_297' title='bbox 545 3153 658 3202; x_wconf 88' lang='lat' dir='ltr'><strong>omnium</strong></span> <span class='ocrx_word' id='word_1_298' title='bbox 681 3152 831 3218; x_wconf 86' lang='lat' dir='ltr'><strong>scripturum</strong></span> <span class='ocrx_word' id='word_1_299' title='bbox 848 3159 991 3216; x_wconf 88' lang='lat' dir='ltr'><strong>corruptam</strong></span> <span class='ocrx_word' id='word_1_300' title='bbox 1009 3163 1066 3201; x_wconf 85' lang='lat' dir='ltr'><strong>esse</strong></span> 
     </span>
     <span class='ocr_line' id='line_1_34' title="bbox 54 3220 1066 3285; baseline -0.003 -15"><span class='ocrx_word' id='word_1_301' title='bbox 54 3222 180 3285; x_wconf 83' lang='lat' dir='ltr'><strong>intellexi,</strong></span> <span class='ocrx_word' id='word_1_302' title='bbox 207 3239 258 3275; x_wconf 91' lang='lat' dir='ltr'><strong>non</strong></span> <span class='ocrx_word' id='word_1_303' title='bbox 279 3224 391 3274; x_wconf 80' lang='lat' dir='ltr'><strong>dubitari</strong></span> <span class='ocrx_word' id='word_1_304' title='bbox 414 3231 458 3274; x_wconf 92' lang='lat' dir='ltr'><strong>aut</strong></span> <span class='ocrx_word' id='word_1_305' title='bbox 480 3236 538 3272; x_wconf 89' lang='lat' dir='ltr'><strong>mea</strong></span> <span class='ocrx_word' id='word_1_306' title='bbox 560 3220 645 3285; x_wconf 84' lang='lat' dir='ltr'><strong>aliqua</strong></span> <span class='ocrx_word' id='word_1_307' title='bbox 665 3230 709 3271; x_wconf 89' lang='lat' dir='ltr'><strong>aut</strong></span> <span class='ocrx_word' id='word_1_308' title='bbox 732 3220 816 3272; x_wconf 86' lang='lat' dir='ltr'><strong>aliena</strong></span> <span class='ocrx_word' id='word_1_309' title='bbox 832 3221 975 3271; x_wconf 86' lang='lat' dir='ltr'><strong>coniectura</strong></span> <span class='ocrx_word' id='word_1_310' title='bbox 990 3231 1066 3284; x_wconf 85' lang='lat' dir='ltr'><strong>opem</strong></span> 
     </span>
     <span class='ocr_line' id='line_1_35' title="bbox 54 3291 1064 3356; baseline -0.001 -15"><span class='ocrx_word' id='word_1_311' title='bbox 54 3291 134 3353; x_wconf 77' lang='lat' dir='ltr'><strong>ieme,</strong></span> <span class='ocrx_word' id='word_1_312' title='bbox 154 3294 222 3356; x_wconf 86' lang='lat' dir='ltr'><strong>quod</strong></span> <span class='ocrx_word' id='word_1_313' title='bbox 237 3292 280 3343; x_wconf 86' lang='lat' dir='ltr'><strong>illo</strong></span> <span class='ocrx_word' id='word_1_314' title='bbox 293 3307 344 3342; x_wconf 90' lang='lat' dir='ltr'><strong>non</strong></span> <span class='ocrx_word' id='word_1_315' title='bbox 361 3291 415 3342; x_wconf 88' lang='lat' dir='ltr'><strong>lere</strong></span> <span class='ocrx_word' id='word_1_316' title='bbox 428 3291 489 3341; x_wconf 88' lang='lat' dir='ltr'><strong>iecit</strong></span> <span class='ocrx_word' id='word_1_317' title='bbox 506 3292 555 3341; x_wconf 87' lang='lat' dir='ltr'><strong>nisi</strong></span> <span class='ocrx_word' id='word_1_318' title='bbox 569 3292 648 3341; x_wconf 89' lang='lat' dir='ltr'><strong>nimia</strong></span> <span class='ocrx_word' id='word_1_319' title='bbox 663 3291 773 3354; x_wconf 86' lang='lat' dir='ltr'><strong>quadam</strong></span> <span class='ocrx_word' id='word_1_320' title='bbox 787 3293 937 3342; x_wconf 68' lang='lat' dir='ltr'><strong>nmeesitete</strong></span> <span class='ocrx_word' id='word_1_321' title='bbox 951 3297 1064 3340; x_wconf 88' lang='lat' dir='ltr'><strong>coactus.</strong></span> 
     </span>
     <span class='ocr_line' id='line_1_36' title="bbox 55 3356 1065 3422; baseline -0.004 -11"><span class='ocrx_word' id='word_1_322' title='bbox 55 3360 139 3420; x_wconf 83' lang='lat' dir='ltr'><strong>Quare</strong></span> <span class='ocrx_word' id='word_1_323' title='bbox 159 3363 263 3421; x_wconf 86' lang='lat' dir='ltr'><strong>accidit,</strong></span> <span class='ocrx_word' id='word_1_324' title='bbox 286 3370 314 3411; x_wconf 92' lang='lat' dir='ltr'><strong>ut</strong></span> <span class='ocrx_word' id='word_1_325' title='bbox 335 3360 399 3410; x_wconf 89' lang='lat' dir='ltr'><strong>baec</strong></span> <span class='ocrx_word' id='word_1_326' title='bbox 421 3367 507 3410; x_wconf 88' lang='lat' dir='ltr'><strong>nostra</strong></span> <span class='ocrx_word' id='word_1_327' title='bbox 529 3361 608 3411; x_wconf 88' lang='lat' dir='ltr'><strong>editio</strong></span> <span class='ocrx_word' id='word_1_328' title='bbox 627 3361 698 3411; x_wconf 87' lang='lat' dir='ltr'><strong>baud</strong></span> <span class='ocrx_word' id='word_1_329' title='bbox 714 3375 771 3411; x_wconf 86' lang='lat' dir='ltr'><strong>raro</strong></span> <span class='ocrx_word' id='word_1_330' title='bbox 789 3376 805 3411; x_wconf 87' lang='lat' dir='ltr'><strong>a</strong></span> <span class='ocrx_word' id='word_1_331' title='bbox 822 3360 929 3410; x_wconf 75' lang='lat' dir='ltr'><strong>Fickertl</strong></span> <span class='ocrx_word' id='word_1_332' title='bbox 945 3356 1065 3422; x_wconf 85' lang='lat' dir='ltr'><strong>exemplo</strong></span> 
     </span>
     <span class='ocr_line' id='line_1_37' title="bbox 55 3426 1064 3496; baseline -0.005 -16"><span class='ocrx_word' id='word_1_333' title='bbox 55 3431 182 3492; x_wconf 72' lang='lat' dir='ltr'><strong>incedat,</strong></span> <span class='ocrx_word' id='word_1_334' title='bbox 201 3430 270 3495; x_wconf 89' lang='lat' dir='ltr'><strong>quod</strong></span> <span class='ocrx_word' id='word_1_335' title='bbox 286 3431 330 3494; x_wconf 91' lang='lat' dir='ltr'><strong>qui</strong></span> <span class='ocrx_word' id='word_1_336' title='bbox 345 3430 538 3494; x_wconf 73' lang='lat' dir='ltr'><strong>improbandum</strong></span> <span class='ocrx_word' id='word_1_337' title='bbox 553 3428 688 3488; x_wconf 78' lang='lat' dir='ltr'><strong>iudicabit,</strong></span> <span class='ocrx_word' id='word_1_338' title='bbox 706 3427 852 3496; x_wconf 84' lang='lat' dir='ltr'><strong>isproiecto</strong></span> <span class='ocrx_word' id='word_1_339' title='bbox 862 3428 1005 3479; x_wconf 90' lang='lat' dir='ltr'><strong>coniunctis</strong></span> <span class='ocrx_word' id='word_1_340' title='bbox 1016 3426 1064 3476; x_wconf 90' lang='lat' dir='ltr'><strong>cri·</strong></span> 
     </span>
    </p>
   </div>
   <div class='ocr_carea' id='block_1_4' title="bbox 54 3494 1076 3599">
    <p class='ocr_par' dir='ltr' id='par_1_4' title="bbox 54 3494 1076 3599">
     <span class='ocr_line' id='line_1_38' title="bbox 54 3494 1076 3599; baseline -0.005 -52"><span class='ocrx_word' id='word_1_341' title='bbox 54 3501 180 3561; x_wconf 86' lang='lat' dir='ltr'><strong>minibus,</strong></span> <span class='ocrx_word' id='word_1_342' title='bbox 205 3514 270 3563; x_wconf 90' lang='lat' dir='ltr'><strong>quae</strong></span> <span class='ocrx_word' id='word_1_343' title='bbox 290 3507 407 3564; x_wconf 84' lang='lat' dir='ltr'><strong>separata</strong></span> <span class='ocrx_word' id='word_1_344' title='bbox 429 3513 485 3548; x_wconf 87' lang='lat' dir='ltr'><strong>esse</strong></span> <span class='ocrx_word' id='word_1_345' title='bbox 506 3496 601 3557; x_wconf 88' lang='lat' dir='ltr'><strong>solent,</strong></span> <span class='ocrx_word' id='word_1_346' title='bbox 626 3499 729 3548; x_wconf 89' lang='lat' dir='ltr'><strong>nimiam</strong></span> <span class='ocrx_word' id='word_1_347' title='bbox 751 3496 829 3548; x_wconf 87' lang='lat' dir='ltr'><strong>simul</strong></span> <span class='ocrx_word' id='word_1_348' title='bbox 845 3508 877 3599; x_wconf 51' lang='lat' dir='ltr'><strong>ep</strong></span> <span class='ocrx_word' id='word_1_349' title='bbox 887 3501 920 3546; x_wconf 79' lang='lat' dir='ltr'><strong>iu</strong></span> <span class='ocrx_word' id='word_1_350' title='bbox 931 3494 1076 3556; x_wconf 49' lang='lat' dir='ltr'><strong>sequen&amp;</strong></span> 
     </span>
    </p>
   </div>
   <div class='ocr_carea' id='block_1_5' title="bbox 0 0 1224 3968">
    <p class='ocr_par' dir='ltr' id='par_1_5' title="bbox 0 0 1224 3968">
     <span class='ocr_line' id='line_1_39' title="bbox 0 0 1224 3968; baseline 0 1"><span class='ocrx_word' id='word_1_351' title='bbox 0 0 1224 3968; x_wconf 95' lang='lat' dir='ltr'><strong> </strong></span> 
     </span>
    </p>
   </div>
  </div>
 </body>
</html>
