2438 3968
131 241 174 304 32
216 240 319 302 nint.
337 241 374 300 ll.
402 242 456 303 AD
471 239 655 301 SERENUM
668 240 743 300 NEC
758 239 939 301 tlttutttnnt
950 239 1029 301 NEC

133 401 207 451 tum
233 389 373 450 dixisset.
416 390 566 449 adversus
591 390 649 449 alia
672 390 832 450 maledicta
855 407 957 453 mores
983 399 1016 452 et
1041 391 1116 453 villo

133 474 381 535 convolnerantia
396 474 503 534 frontis
523 473 565 533 illl
579 473 705 533 firmitas
720 474 863 546 constitit,
883 476 1039 536 adversus
1054 476 1116 537 ltoc

52 570 55 578 ·
132 569 193 619 tam
208 558 374 618 absurdum
390 556 532 617 lacrimae
546 556 757 632 prociderunt=
786 565 869 618 tanta
884 558 1057 619 animorum
1069 560 1115 619 in·

103 643 280 703 abecillitas
295 648 356 714 est,
378 641 429 701 nbi
443 641 520 701 ratio
536 641 688 700 discessit.
724 641 800 715 Quid
817 643 901 717 quod
915 641 1112 713 offendimur,

133 728 159 786 si
174 727 243 802 quis
259 741 431 786 semronem
445 732 583 784 nostrum
598 724 743 798 imitatur,
770 726 796 783 si
812 726 881 800 quis
895 725 1073 802 incessum,
1088 726 1113 787 sl

133 812 201 886 quis
215 810 320 870 vitium
336 808 459 882 aliquod
475 809 614 882 corporis
630 816 682 869 aut
695 810 816 884 linguae
830 809 993 884 exprimit?
1022 809 1113 885 quasi

132 895 250 955 notiora
265 894 316 953 illa
328 893 403 960 liant
417 893 476 951 alio
490 893 623 953 imitante
638 909 729 966 quarn
744 893 833 953 nobis
847 892 1043 953 iacientibus.
1065 909 1113 955 se

132 984 283 1038 nectutem
304 976 427 1052 quidam
449 976 533 1036 inviti
551 976 679 1036 audiunt
698 982 729 1035 ct
742 991 839 1036 canos
853 984 883 1037 et
897 975 957 1035 alia
973 977 1013 1036 ad
1032 992 1113 1053 quae

132 1069 205 1122 voto
220 1061 405 1135 pervenitur.
425 1061 613 1135 paupertatis
627 1061 820 1120 maledictum
836 1061 986 1135 quosdam
1003 1075 1113 1135 perus·

135 1147 182 1212 sit,
205 1160 294 1219 quam
311 1144 368 1204 sibi
384 1143 496 1203 obiecit
510 1143 651 1218 quisquis
665 1143 841 1202 abscondit=
869 1145 973 1218 itaque
986 1146 1114 1205 materia

134 1228 338 1304 petulantibus
359 1234 389 1287 et
410 1242 465 1302 per
488 1227 697 1287 contumeliam
723 1227 848 1287 urbanis
874 1226 1061 1302 detrahitur,
1088 1228 1112 1289 sl
1157 1274 1159 1281 .

136 1315 215 1373 ultro
230 1313 310 1372 illam
326 1319 356 1372 et
370 1312 454 1386 prior
464 1326 609 1386 occupes.
631 1311 727 1371 Nemo
741 1309 835 1370 risum
850 1311 991 1386 praebuit
1005 1311 1062 1386 qni
1076 1326 1112 1371 cx

104 1406 170 1460 sse
190 1396 279 1473 cepit.
320 1396 490 1465 Vatinium,
520 1394 672 1455 hominem
693 1402 796 1454 natum
813 1404 844 1454 et
862 1394 902 1453 ad
915 1394 1013 1454 risum
1029 1394 1113 1456 etad

135 1482 248 1555 odium,
263 1495 399 1541 scurram
415 1480 512 1540 luisse
527 1487 557 1538 et
569 1485 729 1539 venustum
746 1493 783 1543 ac
797 1478 931 1540 dicacem
946 1478 1113 1539 memoriae

134 1566 287 1641 proditum
304 1571 359 1623 est.
397 1565 426 1622 in
442 1565 539 1640 pedes
555 1579 630 1624 snos
652 1564 719 1638 ipse
739 1563 869 1638 plurima
889 1560 1011 1622 dicebat
1032 1572 1065 1624 et
1084 1563 1113 1623 in

135 1654 240 1710 lauces
260 1649 413 1708 concisas.
457 1649 502 1707 sic
522 1647 725 1721 inimicorum,
751 1661 831 1722 quos
853 1648 956 1722 plures
978 1645 1114 1707 babebat

136 1749 227 1807 quam
241 1732 382 1802 morbos,
404 1738 434 1790 ct
448 1732 476 1789 in
493 1732 597 1806 primis
614 1731 768 1792 Ciceronis
783 1729 982 1790 urbanitatem
995 1729 1113 1805 effuge·

135 1823 190 1875 rat.
213 1815 246 1875 Si
261 1815 320 1875 hoc
336 1814 434 1888 potuit
447 1814 497 1874 ille
513 1815 623 1874 duritia
641 1816 713 1887 oris,
742 1815 794 1890 qui
809 1814 946 1875 adsiduis
961 1814 1113 1875 conviciis

135 1900 291 1973 depudere
305 1897 466 1956 didicerat:
491 1914 545 1957 cur
558 1900 584 1956 is
599 1914 659 1957 non
676 1900 785 1974 possit,
812 1900 863 1973 qui
878 1895 988 1959 studiis
1003 1898 1113 1958 libera·

135 1982 215 2042 libus
229 1987 259 2040 et
273 1981 441 2055 sapientiae
456 1982 537 2040 cultu
558 1981 597 2041 ad
619 1983 749 2057 aliquem
772 1983 941 2057 proiectum
962 1997 1114 2056 pervene-

111 2068 191 2128 lritt
224 2064 322 2124 Adice
338 2064 421 2138 quod
436 2079 533 2138 genus
548 2066 670 2125 ultionis
685 2073 732 2125 est
752 2066 872 2140 eripere
886 2065 930 2137 ei,
956 2064 1012 2138 qui
1033 2065 1114 2138 lecit,

136 2150 234 2209 iactae
248 2146 450 2208 contumeliae
466 2150 661 2223 voluptatem.
696 2151 797 2210 solent
817 2150 934 2208 dicere=
957 2163 998 2222 „o
1022 2149 1115 2211 mise·

134 2249 201 2294 rum
221 2239 285 2291 met
309 2239 394 2307 puto,
408 2248 469 2292 non
485 2233 664 2294 intellexit“=
684 2235 762 2294 adeo
777 2236 894 2294 tructus
910 2234 1116 2293 contumeliae

136 2319 165 2378 in
181 2333 277 2377 sensu
290 2324 321 2376 et
335 2315 542 2390 indignatione
557 2317 698 2393 patientis
713 2325 769 2378 est.
803 2317 921 2378 Deinde
935 2330 996 2375 non
1017 2316 1117 2377 deerit

136 2402 177 2462 illi
191 2401 358 2477 aliquando
374 2416 438 2475 par.
461 2401 631 2461 invenietur
646 2403 696 2476 qui
713 2410 743 2462 te
761 2415 886 2476 quoque
897 2398 1046 2461 vindicet.

106 2492 120 2542 1
193 2485 301 2547 XVlll.
323 2485 354 2545 C.
371 2484 484 2544 Caesar
497 2483 575 2544 inter
590 2492 690 2545 cetera
703 2486 784 2556 vitia,
800 2485 913 2559 quibus
927 2483 1116 2557 abundabat,

135 2570 372 2631 contumeliosus
387 2569 562 2628 mirabiliter
575 2568 728 2629 ferebatur
745 2569 843 2629 omnis
858 2568 961 2642 aliqua
980 2575 1058 2627 nola
1071 2570 1117 2629 lo-

134 2654 242 2725 niendi,
257 2652 325 2729 ipse
339 2653 464 2712 materia
478 2653 559 2712 risus
577 2651 811 2727 benignissima:
832 2659 914 2712 tanta
927 2650 969 2711 illi
984 2652 1117 2725 palloris

134 2738 283 2796 insaniam
308 2738 448 2797 testantis
474 2737 604 2796 foeditas
636 2744 717 2810 erat,
751 2743 831 2797 tanta
863 2735 1022 2796 oculorum
1056 2736 1117 2797 sub

136 2821 234 2879 fronte
255 2819 326 2879 anili
348 2822 502 2880 latentium
518 2821 659 2892 torvitas,
683 2825 766 2880 tanta
790 2820 899 2895 capitis
925 2818 1063 2879 destituti
1088 2826 1120 2881 el

136 2903 333 2964 emendicatis
349 2905 466 2979 capillis
484 2903 627 2980 adspersi
642 2905 828 2964 deformitas.
848 2904 935 2963 adico
950 2901 1117 2965 obsessam

136 2987 211 3047 setis
227 2988 377 3046 cervicem
393 2995 423 3046 et
443 2987 604 3049 exilitatem
627 3003 748 3047 crurum
773 2995 804 3046 et
827 2985 1038 3047 enormitatem
1062 3003 1117 3064 pe

136 3072 218 3132 dum.
254 3072 426 3130 inmensum
441 3080 502 3146 est,
523 3072 550 3133 si
570 3072 659 3130 velim
681 3072 801 3146 singula
814 3072 941 3142 relerre,
960 3084 1018 3144 per
1034 3086 1117 3147 quae

135 3156 165 3214 in
183 3163 325 3230 parentes
341 3170 480 3230 avosque
495 3172 570 3216 suos
592 3154 830 3215 contumeliosus
852 3156 920 3226 luit,
949 3168 1007 3229 per
1033 3170 1117 3231 quae

136 3239 165 3297 in
181 3241 343 3299 universos
359 3239 500 3299 ordines=
526 3255 563 3299 ea
582 3240 725 3319 reseram,
753 3254 831 3314 quae
851 3239 935 3297 illum
949 3237 1047 3299 exilio
1062 3241 1114 3300 de

107 3322 253 3383 iderunt.
288 3323 455 3382 Asiaticum
472 3323 626 3382 Valerium
655 3323 684 3380 in
710 3322 814 3398 primis
840 3321 946 3382 amicis
970 3321 1115 3396 habebnt.

135 3408 268 3466 lerocem
284 3408 379 3466 virum
401 3414 431 3465 et
451 3407 502 3465 vix
527 3421 627 3480 aequo
648 3406 749 3465 animo
770 3407 887 3465 alienas
912 3408 1116 3469 contumelias

134 3491 273 3551 latarum.
308 3490 380 3551 huic
394 3491 424 3549 in
440 3488 598 3562 convivio,
619 3491 687 3549 item
703 3493 732 3549 in
748 3490 898 3550 concione
915 3503 991 3550 voce
1009 3492 1118 3553 claris·
