2438 3968
201 256 263 321 278
487 259 520 316 L.
542 257 688 316 ANNAEI
707 256 882 364 §ENECAE

202 413 270 472 dior
291 419 352 471 est:
375 407 523 471 securitas
544 410 617 482 alta,
637 408 793 481 adfluens,
818 411 866 469 ius
881 426 977 484 supra
991 426 1115 470 omnem
1129 412 1171 472 in·

202 496 307 555 iuriam
326 495 469 570 positum.
498 493 679 553 obversatur
699 493 796 554 oculis
816 493 982 554 laetissima
1003 495 1102 555 torma
1115 496 1172 556 rei·

203 579 358 654 publicae,
375 578 423 637 eui
437 578 475 637 ad
490 592 637 636 summam
652 577 817 636 libertatem
829 576 902 637 nihil
914 578 1002 637 deest
1012 577 1074 638 nisi
1087 595 1172 654 pere-

175 663 277 734 oundi
307 661 436 722 licentia.
474 660 642 734 Praecipue
669 668 769 720 tamen
794 660 931 736 aequalis
956 663 996 722 ad
1022 663 1172 723 maximos

203 747 343 821 imosque
359 745 496 819 pervenit
510 745 686 803 clementiae
699 749 768 803 tuae
783 744 951 804 admiratio.
974 752 1080 806 cetera
1092 747 1172 806 enim

202 831 285 890 bona
305 844 361 903 pro
383 829 523 903 portione
544 828 681 887 fortunae
702 843 777 886 suae
799 829 929 901 quisque
943 829 1037 890 sentit
1054 836 1107 889 aut
1120 845 1171 889 ex·

203 919 323 989 spectat
345 912 460 971 maiora
483 911 682 987 minoraque:
713 927 754 970 ex
778 912 935 971 clementia
961 927 1070 973 omnes
1092 913 1172 973 idem

202 1002 342 1071 sperant,
365 1011 421 1054 nec
436 1001 483 1055 est
496 995 673 1069 quisquam,
696 994 744 1053 cui
756 1002 815 1053 tam
828 995 916 1053 valde
927 993 1106 1057 innocentia
1118 1012 1172 1057 sua

202 1081 336 1155 placeat,
358 1086 392 1139 ut
411 1094 471 1138 non
493 1085 573 1138 stare
592 1080 622 1136 in
643 1085 811 1151 conspectu
831 1080 1019 1138 clementiam
1036 1088 1172 1153 paratam

202 1162 342 1222 humanis
357 1162 511 1223 erroribus
526 1163 668 1236 gaudeat.

172 1265 189 1319 1
263 1247 299 1305 il.
322 1246 418 1305 Esse
439 1253 562 1305 autem
584 1245 737 1320 aliquos
759 1243 856 1318 scio,
877 1247 941 1321 qui
964 1248 1172 1307 clementia

202 1329 409 1405 pessimum
432 1343 617 1403 quemque
638 1337 775 1404 putent
796 1329 1000 1401 sustineri,
1027 1331 1172 1406 quoniam

203 1413 262 1473 nisi
281 1421 353 1489 post
373 1414 484 1473 crimen
500 1428 692 1487 supervacua
705 1421 753 1473 est
767 1421 797 1473 et
811 1414 879 1472 sola
892 1414 968 1473 haee
983 1413 1080 1474 virtus
1096 1415 1172 1474 inter

202 1497 380 1557 innocentes
395 1503 505 1556 cessat.
543 1495 603 1556 Sed
616 1497 743 1570 primum
758 1498 889 1557 omnium
905 1497 984 1558 sicut
1000 1498 1172 1558 medicinae

202 1582 286 1656 apud
306 1596 417 1656 aegros
432 1595 524 1649 usus,
547 1580 636 1640 etiam
651 1580 733 1655 apud
748 1596 841 1640 sanos
857 1580 956 1642 honor
970 1587 1033 1655 est,
1054 1582 1096 1642 ita
1114 1584 1171 1641 cle·

202 1665 342 1724 mentium
356 1665 492 1739 quamvis
510 1679 610 1738 poena
625 1663 707 1738 digni
720 1664 872 1737 invocent,
889 1665 978 1724 etiam
989 1665 1171 1726 innocentes

203 1749 315 1808 colunt.
333 1748 449 1808 Deinde
460 1746 638 1807 habethaec
649 1748 678 1806 in
688 1746 1171 1823 personaquoqueinnocentiura

202 1831 317 1904 locum,
336 1830 407 1905 quia
419 1831 537 1891 interim
549 1832 669 1891 lortuna
681 1846 736 1905 pro
749 1831 840 1906 culpa
850 1839 898 1891 est
908 1846 965 1890 nec
975 1829 1171 1893 innocentiae

202 1920 315 1973 tantum
337 1914 495 1973 clementia
514 1913 677 1987 succurrit,
700 1915 755 1973 sad
776 1929 870 1988 saepe
883 1914 1001 1987 virtuti,
1026 1916 1171 1989 quoniam

204 1996 326 2073 quidem
346 1998 525 2076 condicione
544 2006 713 2072 temporum
735 1997 870 2058 incidunt
890 1998 1061 2072 quaedam,
1092 2013 1171 2074 quae

171 2095 189 2150 a
204 2080 323 2156 possint
336 2080 458 2141 laudata
469 2081 577 2154 puniri.
605 2081 703 2141 Adice
714 2081 797 2156 quod
809 2097 917 2157 magna
928 2097 1000 2156 pars
1012 2081 1170 2143 hominurn

197 2172 264 2238 est,
287 2179 366 2239 quae
379 2163 490 2224 reverti
505 2164 544 2223 ad
558 2164 759 2225 innocentiam
775 2164 882 2239 possit.
915 2164 1055 2226 sednon
1069 2171 1169 2225 tamen

201 2248 294 2324 volgo
316 2249 477 2323 ignoscere
499 2250 595 2308 decet.
632 2263 701 2307 nam
721 2248 772 2307 ubi
793 2249 954 2309 discrimen
975 2248 1054 2310 inter
1072 2251 1169 2310 malos

202 2333 364 2407 bonosque
385 2333 535 2393 sublatum
556 2339 617 2406 est,
647 2331 786 2392 conlusio
811 2330 948 2407 sequitur
973 2340 1003 2393 et
1027 2333 1168 2394 vitiorum

201 2416 337 2491 eruptio:
360 2417 462 2490 itaque
475 2414 648 2476 adhibenda
661 2415 828 2476 moderatio
843 2422 905 2489 est,
926 2430 1006 2491 quae
1019 2416 1169 2477 sanabilia

202 2501 322 2574 ingenia
344 2500 529 2574 distinguere
551 2515 569 2558 a
592 2499 757 2573 deploratis
778 2499 868 2572 sciat,
891 2514 948 2558 nec
963 2500 1168 2572 promiscuam

201 2583 314 2642 habere
338 2598 375 2642 ac
400 2586 554 2657 volgarem
580 2581 766 2642 clementiam
787 2589 908 2656 oportet
926 2598 984 2642 nec
1003 2583 1168 2643 abscisam.

202 2684 271 2726 nam
294 2673 354 2726 tam
382 2666 521 2727 omnibus
543 2666 703 2740 ignoscere
723 2666 884 2727 cmdelitas
904 2674 951 2727 est
972 2682 1063 2740 quam
1086 2666 1167 2726 nulli.

200 2749 326 2810 Modum
347 2758 451 2810 tenere
472 2749 629 2809 debemus.
656 2750 712 2810 sed
734 2750 805 2824 qula
819 2749 942 2810 dilllcile
956 2756 1003 2809 est
1017 2756 1168 2824 tempera·

121 2852 125 2856 “
201 2840 347 2905 mentum,
376 2833 521 2909 quicquid
543 2849 642 2907 aequo
663 2835 733 2907 plus
755 2834 885 2894 laturum
906 2839 967 2909 est,
993 2833 1024 2892 in
1050 2839 1168 2907 partem

199 2916 406 2977 humaniorem
422 2917 653 2993 praeponderet.

168 3014 184 3069 l
261 3001 310 3058 lll.
335 2999 396 3060 Sed
409 3001 485 3060 haec
495 3015 553 3060 suo
566 3001 634 3059 loco
647 2999 753 3060 melius
766 2999 912 3060 dicentur.
934 3000 1021 3059 Nunc
1035 3000 1071 3058 in
1088 3009 1167 3062 tres

199 3091 332 3159 partes
351 3099 495 3145 omnem
516 3083 614 3144 hane
630 3082 1022 3144 materiamdividam=
1044 3083 1168 3158 prima

199 3167 275 3227 erit
299 3166 629 3228 manumissionis.
660 3168 844 3240 secunda,
874 3181 972 3242 quae
993 3173 1167 3227 naturam

199 3249 429 3311 clementiae
455 3250 703 3326 habitumque
731 3251 983 3312 demonstrate
1010 3267 1082 3310 nam
1099 3266 1167 3312 cum

200 3331 260 3390 sint
269 3334 342 3393 vitia
353 3335 502 3408 quaedam
515 3335 639 3395 virtutes
650 3334 802 3406 imitantia,
818 3350 878 3395 non
892 3340 1024 3409 possunt
1035 3335 1166 3406 secerni,

199 3413 258 3473 nisi
267 3417 363 3490 signa,
377 3417 487 3491 quihus
495 3418 720 3492 dignoscantur,
731 3418 924 3493 inpresseris.
944 3417 1063 3479 tertio
1080 3418 1167 3480 loco

200 3512 443 3575 quaeramus,
474 3502 663 3575 quomodo
691 3501 737 3560 ad
756 3501 853 3561 hanc
874 3501 1053 3561 virtutem
1077 3519 1167 3577 per·
