2438 3968
128 251 199 315 -190
353 255 386 316 L.
397 257 544 319 ANNAEI
560 259 738 355 §ENECllE
752 264 855 325 nint.
871 264 920 324 IX.

138 403 295 479 pentibus,
323 421 403 481 quac
426 407 458 469 in
481 425 635 472 summum
660 428 823 490 cacumen,
849 414 962 474 dende
975 415 1005 473 in
1019 415 1111 474 imum

54 519 56 523 ·
135 484 242 546 ¹¹¹⁰¹¹⁰⁸
257 495 405 563 temtum
431 491 480 553 llis
494 493 636 572 plerique
650 496 780 557 similem
795 499 886 558 ritum
901 506 1011 573 agunt,
1035 515 1112 573 quo

106 576 200 631 trum
225 584 286 629 non
306 571 445 636 inmerito
467 578 538 653 quis
553 579 719 656 inquietam
735 582 874 642 inertiam
887 581 1009 643 dixerit
1031 581 1113 655 Quo·

133 651 273 748 rumdam
289 656 379 731 quasi
391 659 432 718 ud
442 659 617 724 incendium
629 665 813 726 currentium
825 665 998 726 misereris=
1013 680 1113 740 usqua

133 749 171 795 oo
191 736 342 810 inpellunt
362 740 473 802 obvios
488 752 569 806 etse
584 749 724 825 aliosque
740 750 956 826 praecipitant,
982 766 1052 809 cnm
1066 751 1112 808 in-

132 816 218 876 terint
244 833 445 922 cucurrerunt
459 837 513 889 aut
525 833 683 892 salutaturi
706 832 839 910 aliquem
853 849 915 895 non
931 835 1113 893 resalutatu-

132 914 201 959 rum
212 910 266 998 aut
276 905 368 1000 lunus
381 912 475 984 ignoti
487 911 619 975 bominis
631 918 838 992 prosecuturi,
850 925 903 977 aut
913 918 959 977 od
967 918 1114 976 iudicium

134 995 231 1056 ΒΜΡΘ
246 987 393 1090 'libantis
407 1003 461 1056 aut
476 997 516 1056 ad
530 1001 688 1074 sponsalia
702 1016 798 1077 saepe
812 1001 969 1075 nubentis,
985 1008 1016 1060 et
1031 1002 1113 1062 lecti·

134 1078 202 1122 cam
228 1069 381 1136 adsectati
407 1080 591 1154 quibusdam
616 1085 801 1145 locis-etiam
825 1086 967 1145 tulerunt
1003 1086 1114 1145 deinde

134 1145 260 1242 domum
278 1170 348 1255 cum
363 1178 558 1240 supervacua
570 1168 733 1229 redeuntes
749 1168 930 1228 lassitudine
943 1169 1047 1228 iurant
1060 1184 1112 1227 ne·

134 1243 236 1292 ⁸⁰¹⁸⁸0
253 1242 314 1333 [⁸0]
330 1261 433 1323 ipsos,
450 1267 545 1326 quare
560 1253 702 1328 exierint,
716 1252 768 1313 ubi
785 1252 902 1326 merim,
918 1259 1048 1327 postero
1063 1253 1113 1311 die

103 1321 264 1384 matum
287 1342 343 1400 per
364 1333 473 1394 eadem
489 1335 540 1396 illa
552 1337 690 1412 vestigia.
725 1336 828 1398 Omnis
841 1337 945 1410 itaque
959 1336 1114 1396 laborati-

135 1413 199 1471 (1¹10
208 1406 384 1498 referatur,
406 1419 510 1496 aliquo
524 1422 676 1497 respiciat.
707 1421 773 1481 Non
788 1419 936 1480 industria
948 1420 1114 1495 inquietos,

135 1483 189 1580 seli
207 1503 338 1559 insanos
361 1504 458 1565 imeae
477 1521 579 1566 rerum
599 1505 747 1581 imagines
768 1504 889 1579 agitant.
924 1519 996 1563 nam
1018 1519 1059 1564 ne
1072 1504 1114 1562 illi

138 1569 266 1666 (ibidem
287 1583 354 1679 sine
368 1589 473 1666 aliqua
486 1606 543 1666 spe
557 1597 732 1650 moventur:
757 1587 882 1664 proritat
897 1588 968 1647 illos
984 1586 1115 1648 alicuius

137 1667 184 1715 1'01
208 1673 348 1744 Species,
376 1675 461 1735 cuins
488 1675 649 1735 vanitatem
670 1680 760 1749 capta
779 1687 865 1731 mens
886 1686 948 1731 non
965 1670 1115 1747 coarguit

110 1738 258 1806 ttEodem
284 1756 377 1818 modo
398 1774 646 1834 unumquemque
666 1774 706 1818 ex
726 1757 791 1829 his,
815 1755 867 1831 qui
888 1755 927 1815 ad
942 1756 1117 1830 augendam

139 1824 262 1891 narbam
274 1849 403 1917 exeunt,
419 1844 526 1903 inanes
541 1848 572 1902 et
584 1844 668 1901 leves
680 1856 791 1900 causae
801 1855 856 1915 per
867 1838 974 1899 urbem
986 1839 1116 1900 circum·

142 1913 259 2010 ducunt
272 1922 408 2000 nihilque
421 1927 598 2000 habentem,
613 1925 643 1983 in
657 1925 744 2001 'quod
758 1924 890 1997 laboret,
911 1924 964 1982 lux
980 1930 1049 1983 orta
1063 1939 1115 1982 ex·

143 1996 243 2077 pellrt,
266 2014 298 2066 et
319 2024 387 2069 cum
408 2012 570 2071 multorum
585 2010 696 2069 trustra
710 2007 861 2068 liminibus
875 2007 973 2066 illisus
989 2021 1115 2068 nomen·

144 2083 298 2184 culatores
313 2094 524 2168 persalutavit,
537 2110 557 2154 a
570 2092 670 2152 multis
683 2095 826 2153 exclusus
837 2091 988 2150 neminem
1000 2107 1040 2150 ex
1053 2107 1115 2151 om·

115 2172 235 2237 imbus
261 2176 413 2239 difficilius
440 2177 522 2238 domi
548 2192 639 2253 quam
663 2193 698 2237 se
720 2175 868 2236 convenit
898 2174 1115 2234 Exhocmalo

146 2259 386 2333 dependatillud
400 2262 638 2323 teterrimum
652 2260 802 2332 vitium,
822 2258 1066 2319 auscultatio
1082 2265 1117 2317 et

147 2344 391 2422 publicorum
411 2352 728 2420 secretorumque
743 2342 1115 2419 inquisitioetmul·

148 2439 269 2491 tarum
283 2448 406 2491 rerum
420 2430 601 2502 scientia,
618 2444 714 2503 quae
730 2443 799 2488 nec
814 2434 894 2487 tuto
909 2432 1117 2486 narrantur

147 2523 310 2576 nectuto
325 2514 545 2576 audiuntur.

121 2611 135 2661 1
206 2600 282 2662 Xlll.
315 2601 381 2661 Hoc
407 2606 544 2659 secutum
568 2604 642 2672 puto
664 2595 868 2656 Democritum
893 2595 935 2654 ita
954 2593 1116 2668 coepisses

150 2686 207 2758 Qui
217 2688 375 2760 tronqmlte
387 2687 461 2766 nolet
469 2686 580 2755 virm,
594 2682 794 2757 nccprivatim
805 2685 877 2755 opat
886 2680 978 2739 multo
989 2694 1044 2738 nec
1053 2693 1117 2753 pn-

74 2771 76 2775 ’
149 2772 237 2844 bisce,
263 2770 303 2829 ad
323 2783 516 2843 supervacua
530 2765 646 2826 scilicet
660 2765 849 2825 referentem.
883 2761 994 2822 namsi
1009 2775 1117 2820 ncces·

150 2853 231 2914 saria
245 2861 329 2926 sunt,
344 2860 375 2912 et
389 2852 528 2928 privatim
542 2856 572 2910 et
586 2847 708 2925 publice
722 2864 784 2909 non
800 2854 914 2907 tantum
930 2848 1039 2919 multa,
1061 2843 1118 2904 sed

150 2937 376 2998 innumerabilia
387 2936 506 3012 agenda
517 2940 602 2994 sunt:
617 2933 680 2994 ubi
696 2948 768 2993 vcro
781 2933 926 2992 nullum
939 2928 1118 2989 cilicium

122 3016 1009 3090 tsollemnenoscitat,inhibendaeactiones.
1041 3011 1118 3072 Nam

152 3109 203 3183 qui
218 3108 311 3169 multa
324 3104 395 3180 agit,
410 3118 505 3178 saepe
520 3102 659 3164 lortunae
670 3105 851 3175 potestatem
867 3097 916 3159 sui
929 3097 1010 3172 lacit,
1026 3111 1118 3172 quam

150 3191 332 3252 tutissimum
346 3197 394 3249 est
406 3204 476 3249 raro
492 3183 641 3261 experiri,
663 3191 797 3244 ceterum
811 3197 933 3258 semper
947 3183 986 3243 de
1001 3181 1053 3241 illa
1068 3195 1117 3240 co·

151 3273 246 3349 gitare
270 3281 301 3335 et
322 3272 395 3333 nibil
420 3271 478 3333 sibi
499 3271 538 3330 de
552 3269 613 3330 lide
627 3269 693 3328 eius
711 3265 894 3343 promittere.
925 3264 1118 3341 ,‚ltavtgano,

151 3357 210 3418 nisi
226 3358 253 3418 si
269 3356 343 3434 quid
356 3356 503 3418 inciderit.
513 3359 531 3390 ‘⁴
553 3361 583 3414 et
597 3360 746 3428 „praetor
759 3351 843 3423 llam,
861 3350 919 3411 nisi
934 3348 1050 3424 siquid
1064 3346 1118 3407 ob*

153 3441 295 3504 stiterit“
327 3447 357 3500 at
380 3438 581 3516 „negotiatio
597 3436 668 3497 mihi
690 3435 905 3511 respondebit,
930 3432 1031 3493 nisisi
1046 3430 1120 3507 quid

122 3525 352 3590 tinternenerit.
361 3529 380 3558 “
400 3525 467 3585 Hoc
482 3531 530 3584 est
545 3537 639 3599 quare
653 3520 782 3598 sapienti
794 3518 866 3580 nihil
881 3524 987 3580 contra
1002 3515 1117 3593 opinio·
