2438 3968
129 246 191 310 294
414 245 446 304 L.
468 244 611 303 ANNAEi
634 244 809 305 SENECAE

130 411 161 463 et
180 407 252 462 vota
272 415 334 459 non
356 397 414 458 sub
429 396 557 457 custode
571 394 839 471 nuncupantibus?
867 397 895 456 si
910 397 1041 471 paulum
1057 415 1104 458 va-

131 485 226 547 litudo
241 481 393 555 titubavit,
408 496 470 541 non
482 495 569 554 spem
579 479 734 539 hominum
746 479 886 553 excitari,
901 479 961 540 sed
972 488 1107 543 metum?

132 569 205 630 nihil
226 581 297 629 esse
318 565 457 640 cuiquam
475 571 535 622 tam
551 564 731 638 pretiosum,
755 564 839 640 quod
855 579 916 623 non
932 580 992 640 pro
1009 567 1106 626 salute

101 664 120 718 8
133 652 282 729 praesidis
297 649 345 711 sui
360 655 571 710 commutatum
585 647 677 706 velitt
705 646 728 707 0
740 663 798 707 nae
812 647 880 721 illo,
894 648 946 708 cui
957 649 1106 725 contingit

134 735 197 775 ***
211 735 269 796 sibi
285 749 408 809 quoque
423 731 526 792 vivere
543 731 661 791 debeat.
683 731 713 789 in
728 730 789 791 hoc
802 731 944 792 adsiduis
957 732 1104 794 bonitatis

132 816 316 896 argumentis
332 815 472 892 probavit
485 830 546 874 non
560 814 776 889 rempublicam
792 831 878 874 suam
894 830 983 887 esse,
1002 817 1061 877 sed
1073 834 1105 878 se

133 903 326 979 reipublicae.
361 900 433 974 Quis
446 897 516 959 huic
527 899 637 960 audeat
647 907 764 959 struere
777 899 901 974 aliquod
913 899 1105 975 pertendunt

134 989 203 1064 quis
224 985 263 1046 ab
282 985 341 1047 hoc
362 1001 438 1057 non,
458 982 485 1043 si
507 981 620 1057 possit,
646 983 796 1042 fortunam
818 999 945 1059 quoque
965 992 1103 1045 avertere

134 1072 220 1142 velit,
244 1070 301 1129 sub
318 1084 378 1143 quo
395 1065 521 1139 iustitia,
544 1082 622 1141 pau,
641 1065 802 1141 pudicitia,
824 1067 992 1143 securitas,
1009 1068 1103 1144 digni-

136 1171 180 1215 tas
207 1153 334 1226 florent,
362 1151 419 1211 sub
446 1166 507 1227 quo
533 1150 677 1224 opulenta
700 1149 806 1210 civitas
831 1152 923 1227 copia
951 1152 1102 1213 bonorum

105 1238 266 1303 bomnium
287 1236 444 1296 abundat?
472 1233 534 1294 Nec
549 1235 608 1294 alio
622 1233 721 1294 animo
735 1240 884 1296 rectorem
899 1251 992 1296 suum
1009 1236 1102 1299 iutue-

135 1333 194 1396 tur,
218 1320 350 1397 quamsi
367 1319 397 1380 di
408 1318 582 1379 inmortales
595 1323 775 1392 potestatem
786 1320 907 1380 visendi
918 1320 969 1380 sui
981 1319 1101 1380 faciant.

134 1409 314 1485 [intueamur
332 1409 514 1465 venerantes
535 1402 753 1480 ementesque]
792 1401 870 1476 Quid
889 1409 1018 1464 autemt
1044 1421 1101 1465 non

136 1491 305 1565 proximum
323 1486 383 1546 illis
403 1488 504 1547 locum
524 1491 605 1544 tenet
618 1485 659 1558 is,
682 1486 735 1562 qui
749 1501 785 1545 se
799 1501 836 1546 ex
851 1488 979 1547 deornm
997 1496 1102 1549 nabun

135 1577 210 1646 gerit
228 1571 385 1634 beneficus
408 1586 445 1631 ac
463 1570 566 1644 largus
588 1576 618 1629 et
637 1569 666 1629 in
681 1567 788 1629 melius
803 1577 935 1645 potensi
966 1571 1039 1632 Hoc
1052 1573 1102 1632 ad·

136 1663 262 1732 t'ectare,
284 1657 343 1716 hoc
357 1653 466 1715 imitari
480 1654 581 1726 decet,
604 1653 766 1711 maximum
781 1654 822 1713 ita
838 1653 959 1729 haberi,
982 1662 1019 1715 ut
1029 1656 1101 1731 opti·

136 1758 202 1801 mus
216 1741 305 1801 simul
319 1739 459 1799 habeare.

108 1837 122 1889 1
195 1819 1102 1896 xx.Aduaouscausispunireprincepssoleu

137 1908 185 1982 [si]
202 1913 266 1966 aut
287 1904 726 1966 sevindicatautalium.
751 1905 919 1978 priusdc
935 1921 979 1966 ea
994 1914 1102 1981 porte

136 1992 340 2061 disseram,
372 2004 467 2063 quac
493 1988 618 2061 ipsum
639 1987 849 2063 contingit:
879 1988 1038 2051 difficilius
1059 1997 1103 2051 est

136 2074 213 2135 enim
225 2071 386 2144 moderari,
401 2072 452 2132 ubi
461 2071 560 2130 dolori
568 2071 695 2132 debetur
704 2072 776 2132 ultio
785 2088 876 2146 quam
886 2072 939 2133 ubi
948 2076 1101 2149 exemplo.

108 2161 364 2235 nSupervaeuum
385 2163 432 2214 est
452 2154 598 2215 hocloco
620 2156 801 2229 admonere,
822 2171 861 2216 ne
881 2157 972 2216 facile
987 2157 1101 2230 credat

135 2251 168 2304 ut
183 2258 286 2303 verum
302 2240 448 2313 excutiat,
468 2244 501 2298 ut
514 2238 704 2299 innocentiae
719 2240 819 2299 torreat
832 2247 877 2313 (et
887 2246 920 2300 ut
931 2241 1101 2316 adpareat),

136 2336 168 2387 ut
187 2342 248 2386 non
268 2325 414 2386 minorem
431 2321 480 2397 ogi
494 2337 556 2381 rem
572 2323 769 2397 periclitantis
784 2339 876 2400 quarn
889 2322 1000 2384 iudicis
1017 2325 1100 2386 sciat

136 2411 194 2471 hoc
209 2408 289 2470 enim
303 2408 343 2468 ad
357 2407 507 2480 iustitiam,
522 2421 583 2465 non
598 2407 636 2465 ad
652 2407 839 2468 clementiam
853 2406 999 2483 pertinet:
1023 2424 1102 2470 nunc

137 2495 218 2554 illum
231 2493 399 2565 hortamur,
421 2499 453 2553 ut
472 2491 631 2550 manifeste
646 2493 748 2552 laesus
759 2491 891 2552 animum
906 2491 936 2551 iu
951 2499 1101 2568 potestate

137 2577 246 2639 habeat
270 2584 300 2637 et
324 2593 473 2652 poenam,
502 2575 528 2634 si
549 2582 612 2635 tuto
634 2573 758 2650 poterit,
788 2575 894 2647 donet,
922 2574 970 2635 sin
991 2575 1101 2648 minus,

136 2670 283 2736 temperet
299 2661 451 2736 longeque
464 2656 504 2718 sit
518 2658 548 2717 in
564 2658 628 2719 suis
644 2674 735 2733 quam
750 2659 781 2719 iu
795 2658 902 2720 aliems
916 2658 1036 2721 iniuriis
1051 2676 1101 2719 ex·

104 2745 287 2816 notabilior.
320 2744 395 2803 Nam
412 2741 665 2818 quemadmodum
681 2759 742 2802 non
757 2751 805 2804 cst
818 2741 920 2818 magni
933 2742 1035 2818 animi,
1052 2742 1101 2819 qui

135 2829 174 2889 de
188 2828 285 2888 alieno
301 2826 434 2888 liberalis
449 2833 511 2900 est,
525 2827 580 2886 sed
596 2825 646 2886 ille
661 2827 712 2900 qui
728 2827 811 2902 quod
825 2826 911 2887 alteri
925 2827 1029 2901 donat,
1045 2826 1101 2888 sibi

135 2910 278 2986 detrabit,
305 2912 347 2972 ita
366 2911 543 2972 clementem
562 2911 680 2972 vocabo
700 2927 760 2970 non
775 2911 805 2971 in
820 2911 919 2970 alieno
935 2911 1045 2972 dolore
1059 2912 1099 2970 la·

134 2993 237 3068 cilem,
259 2995 316 3055 sed
336 3011 421 3069 eum,
443 2993 583 3069 quicum
606 2993 670 3056 suis
687 2995 817 3055 stimulis
834 2995 1017 3070 exagitetur,
1041 3011 1100 3056 non

136 3080 267 3154 prosilit,
283 3080 335 3155 qui
349 3078 493 3152 intellegit
510 3078 610 3154 magni
620 3078 710 3139 animi
722 3093 793 3137 esse
804 3078 929 3138 iniurias
940 3079 970 3139 in
983 3095 1102 3140 summo

136 3165 269 3236 potentia
288 3162 352 3240 pati
373 3179 430 3224 nec
452 3162 613 3237 quicquam
634 3177 704 3222 esse
720 3162 883 3236 gloriosius
902 3163 1042 3238 principe
1058 3164 1101 3224 in·

137 3263 216 3319 pune
230 3250 325 3310 laeso.

107 3345 121 3398 ι
196 3331 272 3391 XXl.
293 3333 373 3394 Ultio
390 3332 466 3391 duas
480 3347 530 3390 res
546 3336 703 3404 proestare
717 3332 810 3403 solet,
825 3338 877 3390 aut
891 3331 1034 3391 solatium
1049 3330 1101 3391 ad·

136 3416 193 3473 lert
204 3415 246 3487 ei,
263 3417 315 3490 qui
329 3413 448 3490 aceepit
458 3413 609 3486 iniuriam,
625 3421 677 3473 aut
688 3413 717 3473 iu
728 3415 878 3488 reliquum
891 3413 1101 3475 securitatemz

134 3497 280 3575 principis
301 3499 395 3558 maior
414 3505 462 3558 est
477 3498 611 3573 fortuna,
635 3513 727 3573 quarn
743 3505 774 3558 ut
789 3498 898 3559 solatio
913 3505 1016 3574 egeat,
1039 3514 1101 3559 ma·
