2438 3968
126 236 170 302 26
217 236 320 298 nint.
337 237 373 296 11.
401 234 454 295 Ab
470 233 652 296 saeuitum
665 233 739 293 NEC
752 231 932 294 tumtunm
946 228 1025 294 NEC

128 384 224 465 pienti
238 385 360 446 libertas
375 384 538 460 quaeritur.
573 400 634 444 non
655 391 689 443 ut
707 384 796 445 vobis
817 384 918 443 lacere
932 398 996 444 nou
1017 381 1112 446 liccat

130 471 284 542 iniuriam,
305 470 440 544 agimus,
461 468 518 528 sed
533 473 564 526 ut
577 468 627 527 ille
641 483 749 527 omnes
765 466 891 527 iniurias
906 466 936 526 in
951 468 1050 528 altum
1065 469 1110 528 di-

130 555 226 615 mittat
254 553 460 628 patientiaque
484 566 520 610 se
544 566 580 610 ac
603 551 811 625 magnitudine
835 551 927 610 animi
949 551 1109 612 defendat.

101 638 182 700 bSic
195 637 225 697 in
241 635 453 696 certaminibus
468 635 566 694 sacris
582 635 720 710 plerique
733 635 885 709 vicerunt,
913 633 1109 696 caedentium

130 737 238 783 manus
254 720 406 781 obstinata
419 718 563 795 patientia
576 719 746 793 longanum
769 734 808 777 ex
828 717 888 778 hoc
902 727 978 793 puta
991 733 1110 794 genere

128 806 299 881 sapientem
322 820 442 875 eorum,
469 803 521 876 qui
546 801 762 863 exercitatione
779 804 872 876 longa
894 817 932 861 ac
951 801 1038 864 lideli
1058 818 1108 864 ro·

129 891 188 951 bur
202 887 391 965 perpetiendi
407 884 605 959 lassandique
619 901 739 945 omnem
753 886 906 945 inimicam
920 885 982 945 tim
993 900 1108 946 coasc-

131 973 191 1034 cuti
206 980 285 1032 sunt.
1068 1016 1072 1021 .

103 1081 117 1132 1
189 1057 226 1116 X.
261 1053 441 1127 Quoniam
466 1051 636 1127 priorem
656 1059 803 1127 partem
823 1052 1108 1128 percurrimus,

131 1141 177 1200 ad
201 1139 363 1197 alteram
386 1142 647 1206 transeamus,
674 1150 748 1209 qua
765 1136 996 1209 quibusdam
1019 1152 1108 1212 pru·-

131 1220 246 1298 priiS,
277 1219 478 1293 plerisque
500 1235 593 1279 vero
619 1219 882 1279 communibus
908 1227 1109 1281 contume-

131 1307 219 1366 liam
233 1301 500 1363 refutabimus.
522 1303 577 1362 Est
590 1302 687 1361 minor
701 1301 818 1375 iniuria,
835 1319 925 1378 quam
940 1304 1030 1378 queri
1044 1320 1109 1364 ma·

131 1388 179 1464 gis
194 1402 284 1462 quam
299 1386 428 1461 exsequi
444 1386 607 1461 possimus,
627 1402 716 1459 quam
729 1385 812 1460 leges
827 1402 951 1461 quoque
965 1388 1051 1448 nulla
1063 1388 1109 1448 di·

100 1488 223 1551 qgnam
231 1469 362 1530 vindicta
370 1479 560 1545 putaverunt.
581 1470 670 1529 Hunc
681 1470 833 1529 adlectum
844 1478 946 1530 movet
954 1470 1108 1532 humilitas

131 1555 222 1616 animi
232 1553 437 1614 contrahentis
450 1570 485 1614 se
497 1554 537 1614 ob
548 1555 659 1614 lactum
671 1553 846 1628 dictumque
857 1553 1095 1615 inhonorificum

132 1641 202 1716 „ille
215 1654 265 1698 me
279 1636 370 1697 hodie
384 1655 446 1698 non
459 1638 589 1710 admisit,
600 1654 667 1697 cum
683 1637 760 1697 alios
775 1637 953 1698 admitteret.
988 1650 1109 1699 sermo·

132 1739 201 1783 nem
215 1726 316 1782 meutn
330 1728 383 1782 aut
402 1722 535 1796 superbe
550 1729 709 1781 aversatus
725 1729 772 1780 est
785 1729 837 1781 aut
851 1721 951 1796 palam
964 1720 1044 1783 risit
1081 1728 1111 1781 et

132 1823 193 1868 non
208 1806 238 1865 in
253 1803 353 1864 medio
375 1821 423 1863 me
443 1806 537 1878 lecto,
559 1806 614 1864 sed
635 1805 665 1864 in
686 1805 747 1864 imo
769 1804 962 1865 collocavit.“
996 1813 1029 1866 et
1042 1792 1110 1865 'alia

131 1891 222 1951 huius
244 1897 348 1961 notae,
376 1902 455 1963 quae
476 1888 548 1961 quid
568 1903 676 1948 vocem
697 1887 756 1947 nisi
777 1889 918 1962 querelas
937 1887 1110 1950 nausiantis

133 1974 244 2034 animi?
264 1973 293 2032 in
310 1987 389 2047 quae
404 1973 467 2030 lere
483 1971 601 2030 delicati
617 1979 647 2030 et
658 1971 762 2032 felices
777 1972 921 2031 incidunt.
941 1988 1002 2033 non
1018 1979 1112 2032 vacat

102 2057 213 2133 3enim
227 2056 303 2115 haee
318 2062 424 2114 notare
439 2055 486 2114 eui
502 2055 608 2128 peiora
627 2053 749 2114 instant.
784 2055 880 2117 Nimio
903 2056 963 2116 otio
984 2055 1111 2130 ingenia

19 2173 23 2183 ·
134 2147 242 2200 notura
256 2139 374 2198 infirma
388 2145 418 2198 et
432 2137 589 2197 muliebria
603 2146 634 2199 et
652 2139 757 2213 inopia
770 2154 861 2198 verae
875 2140 1001 2200 iniuriae
1017 2140 1110 2200 lasci·

132 2223 244 2283 vienda
260 2221 308 2281 his
324 2229 566 2294 commoventur,
592 2237 717 2297 quarum
733 2238 805 2297 pars
819 2223 916 2283 maior
930 2230 1051 2284 constat
1065 2224 1111 2284 vi·

132 2307 175 2369 rio
190 2304 423 2380 interpretantis.
460 2305 562 2380 itaque
582 2321 640 2365 nec
654 2306 834 2380 prudentiae
850 2307 1012 2382 quiequam
1027 2307 1060 2367 in
1075 2321 1112 2368 se

132 2406 206 2451 esse
227 2405 284 2449 neo
304 2388 435 2448 fiduciae
451 2389 583 2450 ostendit
597 2390 649 2464 qui
665 2389 846 2450 contumelia
859 2390 1008 2450 adficitur.
1046 2407 1111 2452 nou

131 2474 225 2534 dubie
247 2472 326 2532 enim
347 2480 551 2547 contemptum
571 2489 606 2532 se
626 2472 753 2547 iudicat,
782 2480 813 2532 et
833 2473 882 2533 bic
903 2490 1026 2535 morsus
1046 2491 1111 2536 non

133 2559 202 2618 sine
227 2557 359 2632 quadam
379 2556 544 2616 humilitate
565 2556 654 2616 animi
668 2558 769 2616 evenit
787 2556 1004 2632 supprimentis
1019 2574 1058 2618 se
1072 2574 1112 2619 ac

133 2639 362 2701 descendentis:
377 2640 502 2715 sapiens
516 2647 616 2700 autem
631 2657 649 2700 a
663 2641 744 2701 nullo
761 2642 970 2700 contemnitur.
991 2643 1112 2716 magni-

132 2724 268 2786 tudinem
282 2739 369 2784 suam
383 2722 468 2785 novit
488 2723 622 2799 nullique
635 2731 750 2784 tanturn
771 2723 810 2783 de
829 2740 864 2783 se
883 2725 976 2784 licere
992 2725 1113 2787 unatim

135 2807 193 2868 sibi
209 2814 240 2866 et
253 2807 350 2868 omnis
366 2807 432 2881 has,
453 2823 530 2881 quas
545 2823 605 2867 non
620 2807 757 2867 miserias
772 2807 949 2881 animorum,
971 2807 1029 2868 sed
1044 2825 1113 2870 mo*

104 2891 239 2964 slestias
263 2890 406 2964 dixerim,
428 2905 489 2951 non
506 2891 614 2964 vincit,
635 2893 744 2950 sedne
766 2891 857 2952 sentit
871 2892 1003 2966 quidem.
1039 2892 1114 2953 Alia

136 2982 208 3034 sunt
222 2988 302 3048 quae
316 2973 484 3047 sapientem
499 2973 621 3047 ieriunt,
640 2975 728 3035 etiam
743 2974 770 3032 si
785 2991 846 3036 non
860 2982 1055 3051 pervertunt,
1077 2985 1116 3038 ut

136 3058 225 3119 dolor
241 3055 382 3130 corporis
403 3063 433 3116 et
453 3056 592 3117 debilitas
616 3066 669 3117 aut
693 3058 856 3118 amicorum
881 3058 1114 3136 liberorumque

136 3141 260 3201 amissio
282 3147 313 3199 et
333 3139 448 3212 patriae
468 3139 547 3199 bello
568 3138 724 3215 flagrantis
746 3142 912 3202 calamitas.
948 3143 1026 3202 baec
1046 3160 1112 3206 non

135 3239 215 3297 nego
230 3222 342 3282 sentire
357 3222 532 3296 sapientem.
555 3239 612 3282 nec
626 3225 705 3282 enim
720 3225 830 3299 lapidis
843 3226 885 3284 illi
900 3225 1040 3287 duritiam
1051 3227 1110 3288 lar-

135 3308 203 3369 rive
222 3303 403 3364 adserimus.
439 3307 521 3365 nulla
541 3305 635 3365 virtus
659 3314 720 3377 est,
747 3325 826 3383 quae
841 3325 902 3369 non
917 3311 1028 3370 sentiat
1039 3327 1112 3386 per·

136 3389 210 3468 peti.
238 3386 316 3461 Quid
330 3403 404 3462 ergo
419 3396 486 3448 estt
508 3390 656 3464 quosdam
672 3391 750 3451 ictus
764 3392 880 3468 recipit,
896 3394 952 3453 sed
966 3403 1114 3470 receptos

134 3472 248 3534 evincit
261 3479 291 3531 et
307 3478 395 3531 sanat
408 3479 438 3532 et
452 3472 620 3548 conprimit.
658 3474 734 3533 haee
748 3491 821 3535 vero
835 3476 953 3538 minora
967 3492 1006 3537 ne
1019 3480 1115 3543 senat
