2438 3968
353 399 738 573 autumantium

221 639 584 737 ttntttttttttttt
616 638 786 732 utatttt
817 639 872 732 ΙΧ

441 813 485 864 ΑΙ)
504 812 654 865 SERENUM

312 932 355 997 uu
371 906 656 1006 nannounumm
672 931 784 1000 nntnt.

476 1079 626 1087 η...-

123 1186 145 1243 1.
177 1183 348 1260 [Sarranus]
378 1183 542 1256 Inquirenti
566 1182 638 1242 mihi
663 1183 692 1242 in
718 1199 767 1243 me
793 1182 944 1258 quaedam
967 1181 1065 1243 vitiat

60 1269 250 1344 adparebant
269 1272 398 1339 retecta,
423 1267 453 1324 in
475 1274 581 1342 aperto
606 1267 721 1341 posita,
749 1282 828 1341 quae
843 1281 934 1325 manu
948 1281 1039 1340 pren·

61 1355 180 1423 derem,
197 1350 348 1426 quaedam
364 1349 543 1410 obscuriora
557 1358 588 1410 et
602 1349 632 1410 in
647 1366 790 1425 recessu,
813 1350 963 1425 quaedam
977 1365 1039 1408 non

60 1435 220 1507 continua,
235 1435 291 1493 sed
307 1449 346 1493 ex
363 1434 528 1493 intervallis
543 1435 717 1507 redeuntia,
733 1434 873 1510 quaeret
888 1434 1040 1494 molestis-

61 1522 139 1580 sima
161 1518 304 1588 dixerim,
330 1524 362 1576 ut
382 1516 488 1576 hostes
507 1533 605 1591 vagos
626 1525 657 1578 et
672 1534 711 1577 ex
727 1516 942 1578 occasionibus
957 1516 1040 1578 adsi-

61 1605 184 1674 lientes‚
211 1617 265 1676 per
286 1617 365 1676 quos
387 1608 526 1659 neutrum
547 1602 632 1675 iicet,
657 1617 714 1661 nec
734 1609 888 1676 tamquam
908 1601 939 1660 in
958 1600 1039 1662 bello

61 1693 199 1762 paratum
215 1700 287 1745 esse
302 1700 359 1744 neo
370 1691 524 1760 tamquam
537 1685 566 1744 in
581 1700 658 1760 pace
669 1701 821 1746 securum.
846 1686 930 1745 illum
940 1691 1069 1746 tamem

61 1771 194 1831 habitum
211 1769 240 1828 in
258 1784 307 1828 me
321 1768 452 1828 maxime
467 1768 625 1842 deprendo
639 1778 749 1845 (quare
764 1770 844 1828 enim
858 1786 919 1830 non
934 1784 1041 1828 verum

62 1862 94 1914 ut
114 1855 232 1914 medico
254 1853 390 1923 fateart)
414 1867 471 1911 nec
497 1851 577 1914 bona
601 1853 663 1913 fide
689 1855 847 1914 liberatum
871 1851 933 1925 eis,
961 1867 1064 1928 quae.

61 1938 204 1999 timebam
224 1945 255 1998 et
278 1938 419 2009 oderam,
440 1951 498 1995 neo
518 1954 626 1998 rursus
647 1937 823 1998 obnoxium.
851 1937 884 1997 ln
909 1945 988 1997 statu
1008 1944 1043 1997 ut

63 2040 123 2082 non
141 2021 286 2097 pessimo,
302 2021 343 2080 ita
358 2020 488 2091 maxime
503 2022 630 2095 querulo
645 2029 676 2082 et
689 2037 814 2082 moroso
826 2021 945 2096 positus
957 2037 1040 2080 sum:

63 2123 120 2166 nec
135 2114 260 2181 aegroto
277 2119 334 2165 nec
348 2104 447 2164 valeo.
478 2105 544 2164 Non
561 2113 617 2179 est,
634 2106 718 2181 quod
733 2105 819 2166 dicas
835 2105 967 2165 omnium
983 2105 1071 2167 vir-e

62 2200 160 2252 tutum
183 2197 286 2250 tenera
306 2203 378 2248 esse
395 2187 564 2273 principia,
590 2197 729 2264 tempore
750 2189 809 2248 illis
831 2189 1041 2249 duramentum

64 2281 94 2335 et
113 2274 207 2333 robur
227 2272 396 2337 accedere„
414 2288 475 2332 non
501 2272 609 2348 ignoro
635 2273 724 2333 etiarn
751 2288 831 2347 quae
854 2269 1042 2346 inspeciem

62 2357 217 2430 laborant,
239 2355 412 2430 dignitatem
435 2356 504 2416 dico
525 2363 556 2416 et
576 2357 769 2430 eloquentiae
790 2357 900 2415 famam
915 2363 945 2415 et
958 2355 1041 2431 quic-

64 2440 139 2515 quid
153 2439 191 2498 ad
208 2440 336 2499 alienum
352 2438 530 2514 suffragium
546 2441 642 2514 venit,
663 2456 750 2499 mora
765 2438 991 2500 convalescere.
1014 2445 1044 2498 et

65 2539 146 2601 quae
162 2538 251 2583 veras
266 2520 347 2581 vires
365 2531 472 2596 parant
486 2531 517 2583 et
531 2539 611 2599 quae
624 2525 665 2584 ad
680 2524 864 2598 placendum
880 2523 950 2583 iuco
966 2538 1041 2597 quo-

64 2611 134 2669 dam
162 2608 382 2678 subornantur,
414 2615 595 2681 exspectant
625 2624 739 2680 annos,
771 2608 871 2669 donec
898 2605 1043 2682 paulatim

65 2695 200 2754 colorem
221 2688 401 2750 diuturnitas
423 2689 523 2750 ducat.
554 2692 611 2752 sed
631 2707 690 2768 ego
710 2707 833 2766 vereor,
855 2707 895 2751 ne
914 2705 1043 2751 consue·

64 2777 155 2850 tudo,
182 2783 261 2850 quae
285 2772 379 2833 rebus
405 2773 503 2834 adieri
527 2776 741 2847 constantiam,
767 2775 826 2834 hoc
846 2774 949 2836 vitium
971 2773 1043 2833 mihi

64 2862 154 2922 attius
170 2859 253 2934 figat.
281 2864 343 2917 tam
363 2857 511 2917 maiorum
533 2876 623 2934 quam
641 2859 792 2922 bonorum
810 2860 902 2933 longa
916 2873 1042 2919 conver-

66 2944 144 3006 satio
169 2958 303 3003 amorem
325 2940 431 3002 induit.
466 2941 549 3017 Haec
569 2943 660 3004 animi
680 2944 759 3005 inter
778 2952 940 3019 utrumque
961 2939 1074 3003 dubita

65 3043 123 3088 nec
145 3027 185 3087 ad
205 3032 290 3086 recta
312 3026 429 3086 tortiter
448 3042 506 3086 nec
527 3030 567 3089 ad
588 3044 684 3103 prava
708 3027 861 3103 vergentis
886 3024 1044 3086 infirmitas

68 3112 167 3187 qualis
189 3110 242 3185 sit,
269 3127 331 3170 non
351 3116 411 3169 tam
433 3112 528 3169 semei
547 3111 600 3172 tibi
623 3128 750 3186 possum
766 3127 856 3185 quam
871 3126 927 3185 per
941 3117 1044 3186 partes

67 3197 239 3257 ostendere.
270 3195 370 3255 dicam
392 3209 470 3268 quae
492 3196 631 3257 accidant
651 3196 738 3256 mibir
759 3202 791 3255 tu
805 3193 911 3255 morbo
933 3209 1044 3254 nomen

66 3280 215 3354 invenies.
243 3278 337 3338 Tenet
357 3293 406 3337 me
426 3293 564 3340 summus
585 3295 670 3340 amor
692 3277 910 3354 parsimoniae,
937 3279 1074 3338 iateor.5

68 3366 168 3438 piacet
192 3381 252 3424 non
278 3363 308 3423 in
335 3361 529 3422 ambitionem
554 3362 652 3423 cubile
679 3363 888 3438 conpositum,
918 3379 980 3422 non
1006 3376 1046 3420 ex

67 3449 171 3508 arcula
185 3448 304 3523 prolata
324 3446 434 3519 vestis,
453 3463 514 3506 non
535 3446 722 3522 ponderibus
745 3462 781 3506 ao
795 3446 875 3505 mitte
889 3446 1047 3507 tormentis
