2438 3968
115 245 216 307 DIAL.
236 247 288 305 lV.
307 247 344 304 V.
367 245 417 306 DE
434 246 503 305 lItA
518 245 590 305 LIB.
610 245 644 304 it.
662 252 706 306 35.
724 253 768 308 ild.
789 247 861 306 LlB.
876 247 925 306 lll.
945 257 969 308 1.
1013 243 1055 308 79

70 396 139 459 deri
160 397 276 458 volunt.
297 395 395 470 Magis
418 396 491 455 illud
510 396 676 455 videndum
698 403 758 471 est,
781 413 872 472 quam
887 399 990 459 multis
1008 400 1083 459 irat

72 497 130 557 per
145 498 180 542 se
197 480 344 542 nocuerit.
364 479 424 538 Alii
443 479 534 539 nimio
554 480 674 540 lervore
690 496 802 555 rupere
818 496 915 542 venas
933 491 963 544 et
981 498 1052 542 san-

69 566 195 640 guinem
222 580 317 640 supra
343 564 425 623 vires
452 565 551 624 elatus
578 565 693 624 clamor
719 564 834 639 egessit
856 572 886 625 et
906 564 1052 626 luminum

70 648 210 710 subindit
231 649 328 708 aciem
350 647 381 706 in
404 648 512 707 oculos
528 646 738 707 vehementius
754 647 863 708 humor
879 657 1003 723 egestus
1023 659 1053 710 et

69 733 102 793 in
121 733 246 793 morbos
264 730 347 805 aegri
363 730 509 790 recidere.
530 731 618 791 Nulla
635 731 764 791 celerior
779 731 820 790 ad
837 733 986 792 insanium
1001 736 1080 794 via5

69 823 128 876 est
150 816 234 875 multi
255 815 359 889 itaque
380 815 632 875 continuaverunt
655 817 717 875 irae
733 816 867 877 furorem
883 831 940 876 nec
960 833 1050 892 quam

69 900 253 975 expulerant
269 903 399 958 mentem
414 913 558 973 umquam
574 907 771 974 receperunt=
789 899 914 959 Aiacem
928 897 959 958 in
970 917 1051 961 mor·

70 991 133 1043 tem
149 983 211 1058 egit
225 984 317 1054 iuror,
334 981 363 1039 in
381 982 516 1042 lurorem
531 981 586 1041 ira.
608 990 736 1043 moriem
749 983 867 1055 liberis,
884 990 1052 1058 egestatem

72 1066 148 1140 sibi,
170 1067 288 1126 ruinam
310 1066 414 1126 domui
435 1067 644 1142 imprecantur,
660 1075 690 1127 et
704 1067 795 1127 irasci
813 1083 847 1126 se
861 1074 974 1142 negant
989 1085 1051 1129 non

70 1151 171 1211 minus
189 1167 280 1226 quam
294 1150 427 1209 insanire
442 1150 558 1210 furiosi.
588 1149 780 1210 amicissimis
800 1150 906 1212 hostes
923 1151 1050 1212 vitandi-

71 1251 134 1311 que
153 1233 335 1306 carissimis,
355 1235 457 1308 legum
477 1233 537 1293 nisi
560 1250 622 1309 qua
644 1242 769 1303 nocent,
789 1233 987 1309 inmemores,
1010 1237 1052 1296 ad

72 1319 194 1378 minima
207 1317 352 1391 mobiles,
372 1334 433 1378 non
455 1333 612 1389 sermone,
635 1333 697 1378 non
718 1317 821 1378 officio
839 1318 916 1378 adiri
936 1319 1051 1393 laciles,

71 1404 209 1478 pervim
229 1401 330 1460 omnia
352 1408 475 1475 gerunt,
499 1401 609 1475 gladiis
629 1409 660 1460 et
680 1417 817 1476 pugnare
840 1403 937 1476 parati
957 1409 988 1462 et
1006 1403 1051 1462 in·

72 1486 226 1546 cumbere.
253 1484 419 1544 Maximum
432 1485 511 1544 enim
528 1483 596 1544 ilios
612 1484 726 1544 malum
741 1484 822 1558 cepit
837 1492 867 1545 et
881 1485 983 1545 omnia
998 1485 1079 1545 ex·6

15 1602 18 1607 ·
71 1585 224 1645 superans
248 1568 330 1628 vitia.
364 1568 422 1628 alia
445 1568 588 1642 paulatim
608 1568 734 1627 iuuant:
755 1570 915 1642 repentina
935 1575 965 1629 et
985 1571 1051 1630 uni-

72 1669 164 1714 versa
183 1653 230 1712 vis
250 1651 340 1711 huius
362 1659 417 1712 est.
456 1652 554 1710 omnis
581 1651 713 1725 denique
734 1651 812 1712 alios
833 1652 971 1714 adlectus
992 1653 1052 1712 sibi

72 1736 201 1797 subicit=
217 1749 351 1795 amorem
367 1734 613 1795 ardentissimum
629 1735 728 1797 vincit.
754 1739 982 1798 transfoderunt
995 1739 1051 1799 ita-

73 1833 135 1896 que
156 1825 254 1879 amaia
270 1834 402 1894 corpora
417 1825 447 1878 et
465 1821 496 1879 in
513 1834 619 1878 eorum
640 1835 718 1894 quos
734 1819 910 1880 occiderant
928 1819 1051 1881 iacuere

21 1976 25 1985 Ι
72 1904 284 1979 conplexibus.
307 1901 478 1976 avaritiam,
493 1902 687 1963 durissimum
704 1903 816 1963 malum
833 1904 1050 1979 minimumque

73 1988 217 2059 flexibile,
232 1987 277 2046 ira
292 1985 421 2046 calcavit
433 1986 542 2047 adacta
557 2002 634 2062 opes
648 2003 722 2047 suas
740 2002 886 2063 spargere
901 1997 931 2049 et
946 1987 1050 2048 domui

70 2072 228 2145 rebusque
243 2072 273 2130 in
288 2085 383 2130 uuum
398 2069 516 2130 collatis
535 2069 648 2130 inicere
662 2071 771 2145 ignem.
794 2072 890 2147 quid?
911 2088 971 2132 non
986 2088 1049 2132 am·

68 2153 202 2216 bitiosus
222 2170 332 2230 magno
360 2154 518 2214 aestimata
541 2155 668 2230 proiecit
687 2155 818 2230 insignia
839 2155 1051 2232 honoremque

74 2241 207 2299 delatum
229 2237 360 2314 rapulba
387 2237 493 2297 Nullus
515 2239 653 2298 adiectus
674 2246 735 2312 est,
755 2240 785 2298 in
813 2255 903 2315 quem
924 2254 987 2299 non
1005 2239 1052 2300 ira

74 2322 254 2383 dominetur.

453 2431 666 2440 *ιι-*ιο

366 2541 400 2621 i.
421 2537 561 2621 tillut
581 2537 752 2623 sinicii

227 2668 604 2774 iilirodtitilil
639 2669 811 2769 illinit
849 2670 896 2764 i.

449 2861 494 2911 AD
511 2859 670 2912 NOVATUM

430 2979 450 3042 ll
486 2977 506 3042 ll
568 2977 582 3042 l
616 2977 640 3043 ll
674 2977 697 3045 l

482 3095 577 3144 araus
589 3094 632 3145 111.

497 3230 615 3238 ...—

133 3323 156 3380 Ι.
182 3321 287 3395 Quod
308 3324 468 3383 maxime
489 3321 746 3391 desiderasti,
766 3319 928 3393 Novate,
951 3327 1079 3383 nuncl

71 3406 207 3466 lacere
223 3405 513 3482 temptabimus,
529 3407 622 3465 iram
638 3402 820 3465 excidere
836 3402 974 3464 animis
988 3411 1054 3464 aut

71 3497 179 3552 certe
195 3491 396 3552 refrenare
413 3490 618 3562 etinpetus
636 3489 718 3548 eius
735 3487 920 3548 inhibere.
947 3487 982 3548 ld
998 3487 1051 3546 ali-
