2438 3968
142 251 203 320 138
330 263 363 320 L.
382 263 528 325 aunam
548 266 726 328 SENECAE
747 270 850 329 mot.
872 270 925 328 Vl.

141 429 221 488 quos
239 432 386 492 noveras,
407 421 464 480 sed
483 429 566 482 tanto
582 421 787 483 excelsiorum
801 430 832 482 et
845 424 877 482 in
900 440 1022 484 summo
1038 426 1120 486 loeo-

140 503 248 556 torom.
280 503 429 562 erubesce
451 504 613 581 quicquam
633 507 747 566 humile
765 515 819 567 aut
837 507 966 582 volgare
983 508 1119 582 [faeere]

139 589 170 672 et
190 590 319 644 mutatos
347 586 375 644 in
396 589 505 648 melius
528 597 600 651 tuos
623 589 708 650 llere.
740 591 774 649 lu
795 598 922 651 aeterna
940 607 1047 652 rerum
1067 610 1122 669 per

138 663 233 756 libera
255 675 285 726 et
307 679 393 730 vasta
413 672 513 747 spatia
533 673 680 746 dimissos
697 691 758 735 uon
775 676 846 735 illos
860 675 1012 754 interfusa
1026 678 1122 737 maria

137 745 313 840 discludunt
336 770 394 815 nec
422 757 548 819 altitudo
573 758 718 819 montium
745 767 798 821 aut
821 758 924 820 inviae
949 762 1050 822 valles
1070 771 1122 822 ant

136 842 318 896 rncertnrum
338 838 419 899 vada
438 839 586 920 Syrtium:
609 841 743 903 tramites
764 844 901 904 omnium
925 845 1009 919 plani
1032 854 1122 905 etex

136 914 217 976 facili
235 921 363 982 mobiles
384 931 415 984 et
428 927 562 1001 expediti
577 936 607 988 et
621 927 749 987 inuicem
765 927 862 1001 pervii
878 935 953 988 sont
966 928 1122 997 intemnix-

138 998 223 1074 tique
238 1003 404 1068 sideribus.

110 1086 124 1136 Ι
200 1086 308 1149 XXVl.
328 1091 405 1154 Puta
418 1096 522 1171 itaque
539 1111 578 1154 ex
598 1096 648 1154 illa
659 1109 730 1153 arce
746 1095 874 1155 coelesti
890 1105 1009 1171 petrem
1025 1105 1120 1169 tuum,

135 1166 266 1258 Marcia,
290 1182 344 1251 [et]
366 1180 416 1240 cui
435 1188 551 1241 tantum
572 1179 656 1253 apud
669 1185 700 1237 te
714 1178 904 1239 auctoritatis
920 1189 1001 1253 erat,
1025 1198 1121 1256 quan-

132 1257 199 1314 tum
219 1255 273 1319 tibi
292 1263 376 1337 apud
395 1265 489 1325 lilium
508 1272 608 1333 tuum,
628 1277 689 1321 non
706 1261 757 1322 illo
778 1262 919 1337 ingenio,
937 1281 1001 1339 quo
1020 1266 1122 1325 civilia

136 1335 218 1401 bella
234 1342 375 1423 deflevit,
402 1366 464 1426 quo
484 1346 703 1425 proscribentis
723 1344 754 1404 in
776 1354 936 1409 aeternum
957 1347 1029 1424 ipse
1049 1366 1120 1425 pro—

137 1425 277 1505 scripsit,
305 1433 363 1494 sed
382 1441 465 1495 tanto
486 1433 625 1505 elatiore,
652 1436 765 1506 quanto
790 1437 838 1490 est
861 1431 931 1507 ipse
949 1432 1120 1506 sublimior,

103 1508 125 1559 n
138 1506 257 1573 dicere:
286 1517 368 1592 „cur
380 1527 425 1592 te,
441 1521 518 1592 lilia,
531 1526 593 1579 tam
606 1518 699 1590 longa
713 1521 794 1574 tenet
807 1514 992 1589 aegritudoe
1021 1534 1078 1578 cur
1091 1519 1119 1576 in

137 1600 220 1656 lanta
235 1602 299 1662 veri
313 1603 503 1678 ignoratione
516 1600 664 1671 versaris,
687 1607 721 1658 ut
732 1599 837 1672 inique
852 1607 956 1660 aetum
970 1616 1042 1661 cum
1058 1602 1120 1662 lilio

136 1685 190 1740 tuo
211 1683 343 1762 iudices,
365 1691 450 1765 quod
470 1689 587 1762 integro
608 1685 717 1745 domus
739 1689 835 1754 statu,
858 1683 978 1760 integer
999 1685 1122 1760 ipsese

140 1763 179 1822 ad
193 1769 325 1831 maiores
339 1773 457 1847 recepit
471 1776 568 1832 suos?
589 1769 691 1830 neseis
711 1767 831 1842 quantis
854 1767 978 1829 fortunu
1000 1772 1120 1844 proeel-

136 1846 177 1907 tis
199 1850 348 1917 disturbet
369 1857 492 1916 omnia?
525 1871 616 1931 quam
637 1852 727 1913 nullis
747 1850 910 1925 benignam
931 1853 1119 1929 facilemque

137 1947 175 1990 se
191 1937 389 2011 praestiterit,
411 1941 469 2000 nisi
491 1939 543 2015 qui
558 1939 713 1998 minimum
729 1950 797 1994 cum
813 1936 864 1995 illa
881 1943 1121 2000 contraxerant?

138 2027 269 2093 regesne
293 2024 346 2084 tibi
367 2024 520 2085 nominem
541 2022 736 2082 felicissimos
759 2021 892 2092 futuros,
919 2019 948 2081 si
969 2022 1118 2099 maturius

139 2100 209 2164 illos
233 2122 315 2167 mors
335 2109 519 2170 instantibus
540 2105 744 2167 subtraxisset
763 2104 872 2164 malis?
899 2120 937 2163 nn
959 2105 1118 2166 Romanos

140 2186 252 2265 duceS,
273 2209 401 2267 quorum
416 2192 489 2252 nibil
504 2189 702 2266 magnitudini
716 2189 828 2262 deerit,
852 2189 878 2248 si
893 2190 1011 2265 aliquid
1029 2191 1121 2252 aetati

140 2270 380 2338 detraxeristan
393 2276 601 2338 nobilissimos
615 2277 698 2334 viros
710 2272 962 2348 clarissimosque
973 2275 1013 2334 ad
1027 2275 1119 2335 ictum

111 2357 275 2422 dmilituris
290 2361 383 2436 gladii
398 2361 560 2436 conposita
580 2359 700 2419 cervice
714 2359 885 2419 formatos?
911 2358 1049 2434 Respice
1065 2375 1118 2434 pa-

140 2449 214 2503 trem
234 2453 326 2520 atque
345 2462 434 2507 avom
456 2455 555 2507 tuum:
587 2444 636 2503 ille
656 2444 686 2501 in
709 2440 800 2503 alieni
820 2443 1016 2517 percussoris
1037 2444 1117 2502 venit

139 2527 301 2591 arbitrium.
329 2546 387 2606 ego
407 2530 479 2589 nihil
499 2528 530 2589 in
552 2545 600 2587 me
617 2528 758 2601 cuiquam
773 2525 898 2600 permisi
913 2533 943 2586 et
958 2525 1028 2587 cibo
1049 2544 1118 2601 pro-

137 2609 249 2675 hibitus
270 2614 391 2674 ostendi
412 2622 473 2674 tam
486 2628 596 2687 magno
616 2627 664 2670 me
680 2626 770 2686 quarn
787 2611 911 2670 videbar
925 2612 1028 2673 animo
1043 2612 1117 2671 scri·

138 2696 252 2768 psisse.
286 2698 397 2758 Curio
420 2699 512 2758 domo
534 2704 640 2757 nostra
661 2694 829 2755 diutissime
846 2696 967 2769 lugetur
983 2697 1036 2772 qui
1053 2697 1115 2755 leli-

136 2779 262 2841 eissime
284 2782 430 2843 moritur?
463 2782 581 2842 coimus
607 2794 714 2840 omnes
739 2779 769 2837 in
794 2796 887 2839 unum
913 2779 1118 2855 videmusque

137 2879 200 2924 non
216 2866 276 2926 ulta
286 2874 377 2928 tracte
393 2865 578 2938 circumdati,
594 2865 634 2923 nil
650 2864 733 2938 apud
748 2879 819 2937 voS,
835 2871 869 2925 ut
885 2863 1014 2938 putatis,
1030 2872 1117 2939 opta-

136 2947 212 3026 bile,
237 2951 277 3011 nil
292 2952 465 3022 excelsum,
491 2948 532 3008 nil
549 2949 759 3024 splendidum,
784 2948 840 3007 sed
864 2947 988 3007 humilia
1009 2957 1119 3008 cuncta

140 3040 169 3092 et
184 3035 289 3109 gravia
310 3042 340 3094 cl
360 3032 451 3094 anxia
472 3039 503 3093 et
525 3039 647 3108 quotam
669 3041 784 3106 partem
801 3031 922 3091 luminis
938 3032 1036 3092 nostri
1051 3047 1116 3091 cer-

108 3117 260 3178 ‘inertiae
292 3118 369 3192 Quid
390 3117 489 3178 dicam
511 3118 592 3177 nulla
613 3115 662 3175 bie
684 3133 768 3175 arina
789 3116 901 3175 mutuis
923 3117 1026 3176 furere
1047 3132 1118 3177 con-

140 3202 278 3262 cursibus
299 3218 356 3261 nec
378 3203 494 3261 classes
514 3201 666 3261 elassibus
689 3199 786 3275 frangi
804 3215 861 3259 nec
883 3199 1048 3274 parricidia
1067 3208 1119 3259 ant

139 3284 213 3360 llngi
226 3293 279 3347 aut
292 3285 418 3361 cogitari
431 3302 487 3346 nec
502 3286 566 3345 loro
588 3283 688 3344 litibus
704 3291 840 3359 strepere
857 3283 922 3343 dies
939 3293 1118 3359 perpetuos,

139 3367 212 3427 nibil
228 3369 258 3428 in
273 3369 422 3440 obscuro,
441 3371 577 3430 detectas
592 3376 708 3428 mentes
724 3375 754 3427 el
768 3376 873 3443 aperta
890 3368 1074 3442 praecordia
1090 3377 1119 3427 et
1170 3370 1173 3384 “

139 3451 169 3510 in
194 3453 315 3527 publico
341 3454 505 3529 medioque
532 3453 622 3512 vitam
646 3461 676 3512 et
697 3453 796 3512 omnis
822 3453 890 3511 aevi
916 3461 1118 3528 prospectum

36 3578 39 3583 -
106 3536 408 3618 evenientiunquoe
429 3537 554 3606 Iuvabat
568 3535 657 3605 nnius
673 3550 722 3603 me
738 3536 834 3602 seculi
850 3537 929 3604 tecte
941 3551 1120 3622 conponere

95 3692 220 3742 Α
