2438 3968
97 251 102 264 ·
183 240 243 320 'ros
356 257 389 314 t.
414 255 560 314 nunnur
580 253 754 314 sennenn
776 254 877 314 nint.
898 239 978 314 vin.

183 405 267 487 quod
284 406 461 481 ostenditur,
478 409 574 467 seire:
597 406 687 480 illud,
703 407 815 482 inquit,
831 416 965 482 scrutor,
986 411 1069 484 quod
1085 415 1167 472 ultro

182 494 329 555 mundum
345 492 443 564 iacet,
463 499 603 553 utrumne
622 493 776 566 profunda
791 494 917 553 vastitas
938 493 978 553 sit
1000 503 1088 555 anet
1106 495 1168 555 hoe

183 580 285 653 ipsum
300 575 436 637 terminis
452 577 518 651 suis
534 577 682 635 eludatur.
713 576 812 651 qualis
827 574 867 636 sit
881 576 1002 637 babitus
1019 580 1167 650 exclusis,

184 662 326 723 informia
341 669 370 720 et
385 662 515 720 confusa
529 661 589 719 sint
603 677 641 719 an
657 659 688 719 in
710 675 831 721 omnem
846 668 963 735 partem
979 663 1167 722 tantumdem

184 744 245 806 loei
266 744 446 818 obtinentia,
473 760 509 803 an
537 751 567 803 et
591 744 641 802 illa
665 742 695 802 in
721 744 853 818 aliquem
875 745 988 805 nultum
1011 746 1167 821 descripta

164 832 170 865 ³
184 827 253 891 sint.
269 829 339 889 huie
355 828 538 888 cohaereant
551 828 679 901 mundo,
695 845 732 887 an
748 829 839 902 longe
853 828 891 887 ab
906 829 965 888 hoo
980 831 1169 890 secesserint

185 921 215 975 et
229 912 260 973 in
277 929 373 973 vacuo
392 912 572 973 volutentur.
602 911 757 971 individua
772 913 846 984 sint,
868 928 925 986 per
946 929 1026 987 quae
1041 915 1168 975 struitur

185 1013 275 1058 omne
297 996 380 1071 quod
401 1003 502 1055 natum
524 995 717 1071 futurumque
743 1003 804 1070 est,
832 1012 869 1054 an
891 997 1036 1057 continua
1061 1014 1167 1059 eornm

184 1080 311 1140 materia
331 1081 370 1140 sit
390 1088 420 1141 et
440 1095 496 1154 per
509 1088 603 1141 toturn
618 1079 779 1139 mutabilis.
808 1087 907 1140 utrum
923 1081 1077 1141 contraria
1092 1083 1169 1141 inter

164 1231 169 1239 „
185 1180 220 1225 se
235 1166 385 1234 elementa
399 1164 473 1234 sint,
497 1179 536 1223 an
557 1180 617 1223 non
637 1171 785 1238 pugnent,
806 1163 864 1224 sed
884 1179 940 1238 per
954 1163 1080 1226 diversa
1095 1183 1167 1226 con-

155 1249 311 1324 lspirent.
339 1247 388 1308 Ad
403 1248 480 1307 haee
501 1248 676 1322 quaerenda
698 1255 802 1320 natus,
829 1246 970 1322 aestima,
998 1265 1090 1324 quam
1106 1267 1166 1311 non

184 1334 311 1393 multum
326 1329 480 1407 aooeperit
494 1333 656 1407 temporis,
678 1330 796 1391 etiamsi
816 1331 889 1391 illud
905 1340 1001 1392 totum
1022 1333 1081 1392 sibi
1102 1335 1168 1393 vin·

185 1416 274 1488 dieat,
292 1417 340 1477 eui
354 1418 425 1475 lieet
439 1416 511 1475 nihil
527 1414 667 1475 facilitate
681 1415 766 1490 eripi,
782 1415 854 1475 nibil
867 1418 1059 1491 neglegentia
1071 1416 1167 1493 patia-

185 1509 233 1561 tur
247 1500 405 1574 exeidere,
426 1499 497 1560 lieet
509 1500 602 1560 boras
623 1514 696 1558 suas
712 1498 891 1559 avarissime
905 1507 1008 1560 servet
1022 1510 1053 1561 et
1067 1519 1168 1576 usque

184 1586 214 1645 in
231 1586 365 1645 ultimum
381 1584 487 1644 aetatis
502 1584 653 1644 humanae
672 1582 831 1643 terminum
846 1584 994 1658 procedat
1009 1601 1066 1644 nee
1082 1585 1167 1661 quio-

187 1685 279 1745 quam
292 1668 335 1727 illi
350 1683 389 1726 ex
404 1684 451 1742 eo,
468 1668 551 1743 quod
565 1675 673 1727 natura
687 1667 849 1740 constituit,
866 1667 985 1727 fortuna
998 1670 1168 1731 concutiat:

185 1760 287 1813 tamen
308 1752 400 1811 borno
422 1752 461 1812 ad
480 1750 681 1811 inmortalium
697 1751 900 1826 cognitionem
916 1750 1006 1812 nimis
1030 1755 1167 1816 mortalis

155 1843 240 1900 sest.
268 1836 349 1910 Ergo
366 1837 533 1894 seeundum
549 1843 684 1895 naturam
699 1835 785 1906 vivo,
808 1834 833 1894 si
848 1842 944 1895 totum
967 1851 1014 1895 me
1029 1837 1070 1896 illi
1086 1839 1166 1912 dedi,

187 1918 215 1980 si
234 1919 316 1980 illius
339 1919 503 1979 admirator
518 1920 677 1994 cultorque
697 1935 773 1979 sum.
802 1927 910 1980 natura
931 1927 1032 1979 autem
1054 1929 1166 1982 utrum·

189 2019 248 2080 que
270 2003 372 2062 facere
393 2018 441 2061 me
455 2003 565 2073 voluit,
590 2011 620 2061 et
636 2018 727 2077 agere
742 2010 772 2063 et
786 2002 1032 2078 contemplationi
1044 2021 1168 2065 vacare.

187 2095 349 2161 utrumque
371 2087 465 2159 facio,
493 2086 695 2162 quoniamae
717 2087 930 2162 contemplatio
952 2087 1076 2162 quidem
1100 2088 1168 2149 sine

188 2172 308 2232 actione
323 2176 380 2230 est.

159 2272 175 2325 1
249 2255 301 2313 VI.
324 2254 408 2326 „Sed
421 2256 526 2325 refert,
549 2253 665 2330 inquis,
685 2271 723 2314 an
740 2256 779 2314 ad
793 2255 873 2314 illam
889 2256 1054 2330 voluptatis
1072 2273 1168 2317 eausa

187 2339 354 2401 accesserit
374 2338 446 2398 nibil
468 2339 550 2398 aliud
565 2355 603 2398 ex
617 2340 667 2398 illa
684 2346 792 2413 petens
809 2356 900 2414 quarn
915 2339 1078 2401 adsiduam
1093 2357 1166 2402 eon-

187 2424 413 2500 templationem
435 2424 502 2484 sine
518 2423 610 2483 exitu.
637 2430 685 2483 est
699 2423 777 2482 enim
793 2423 891 2484 duleis
906 2432 936 2484 et
949 2423 1041 2484 habet
1054 2424 1166 2484 inlece-

187 2509 259 2568 bras
278 2514 383 2568 suas.“
412 2509 573 2567 Adversus
589 2508 648 2567 hoe
662 2507 714 2566 tibi
728 2509 919 2582 respondeo:
941 2511 1051 2583 Aeque
1064 2510 1166 2581 refert,

189 2609 250 2668 quo
266 2592 366 2652 animo
388 2591 507 2651 civilem
528 2607 603 2665 agas
624 2589 731 2663 vitam,
754 2607 792 2650 an
814 2607 937 2667 semper
950 2591 1106 2668 inquietus
1122 2593 1166 2652 sis

187 2691 245 2736 nee
265 2692 409 2750 umquam
431 2691 536 2736 sumas
555 2676 648 2734 ullum
667 2684 801 2750 tempus,
828 2693 889 2751 quo
912 2677 949 2736 ab
971 2676 1111 2736 humanis
1127 2677 1166 2736 ad

158 2759 290 2819 2divina
310 2759 468 2834 respioias.
498 2759 657 2834 Quomodo
678 2775 728 2819 res
750 2761 894 2834 adpetere
916 2761 982 2821 sine
997 2760 1059 2820 ullo
1073 2761 1166 2819 virtu·

189 2851 249 2904 tum
271 2858 376 2902 amore
398 2851 428 2903 et
446 2844 513 2903 sine
534 2844 616 2903 uultu
636 2843 748 2917 ingenii
769 2858 806 2902 ao
826 2843 926 2904 nudas
943 2844 1037 2904 edere
1052 2860 1165 2918 operas

187 2926 309 2986 minime
325 2927 482 3002 probabile
504 2936 565 2998 est,
587 2928 707 2986 misceri
729 2926 807 2987 enirn
829 2929 887 2987 ista
906 2928 984 2989 inter
998 2943 1033 2988 se
1048 2937 1079 2988 et
1093 2942 1165 2988 oon·

187 3011 249 3073 seri
264 3011 390 3072 debent:
414 3011 459 3070 sie
479 3010 677 3085 inperfectum
699 3027 735 3071 ao
756 3012 931 3086 languidum
945 3011 1059 3073 bonum
1075 3019 1123 3072 est
1136 3012 1165 3070 in

187 3097 280 3156 otium
295 3095 363 3156 sine
377 3103 447 3155 actu
462 3095 599 3169 proiecta
612 3093 722 3167 virtus,
746 3091 909 3170 numquam
924 3095 970 3167 id,
990 3096 1074 3171 quod
1089 3094 1166 3156 didi·

158 3180 240 3254 teil,
263 3180 439 3240 ostendens.
469 3178 542 3253 Quis
564 3186 654 3252 negat
674 3179 754 3238 illam
777 3178 889 3240 debere
910 3180 1068 3254 profectus
1089 3193 1165 3240 suos

187 3264 217 3322 in
233 3278 327 3336 opere
343 3269 512 3338 temptaret
538 3277 594 3321 nee
609 3269 723 3324 tantum
739 3264 812 3339 quid
828 3264 998 3324 faciendum
1015 3264 1065 3338 sit,
1083 3263 1164 3337 eogi-

188 3356 267 3419 tare,
288 3348 453 3406 sedetiam
475 3347 639 3423 aliquando
661 3363 781 3407 manum
803 3362 947 3407 exercere
961 3355 992 3408 el
1009 3363 1062 3422 ea,
1085 3359 1165 3423 quae

186 3431 330 3490 meditata
351 3437 434 3502 sunt,
457 3430 497 3489 ad
520 3447 623 3490 verum
639 3430 830 3505 perduceret
859 3432 935 3505 Quid
953 3433 980 3492 si
996 3430 1165 3507 peripsum

185 3511 357 3589 sapientem
372 3530 432 3573 non
448 3521 495 3573 est
515 3531 614 3588 mora,
635 3515 736 3574 sinon
752 3521 837 3574 actor
852 3517 951 3591 deest,
974 3516 1030 3576 sed
1045 3515 1166 3591 agenda
