2438 3968
129 259 174 324 40
419 261 452 320 L.
474 259 623 320 ANNAEI
645 259 820 320 SENECAE

131 413 276 474 subducit
288 412 391 487 aliqua
406 417 437 473 et
450 411 646 471 circumcidit
678 410 706 470 si
725 425 764 469 ne
784 410 824 469 ad
844 410 904 472 hoc
924 411 1053 486 quidem
1066 427 1113 473 re»

131 497 279 571 spondet,
304 494 454 556 interdicit
473 495 549 554 cibis
570 500 602 553 ei
621 494 802 555 abstinentia
821 510 935 570 corpus
953 504 1114 559 exonerat.

131 581 159 640 si
174 581 286 640 liustra
298 580 437 639 molliora
451 585 625 650 cesserunt,
641 578 711 638 ierit
724 593 832 638 venam
845 579 1073 655 membrisque,
1087 579 1115 643 ei

132 664 328 724 adhaerentia
342 668 456 724 nocent
468 669 499 721 et
512 661 651 723 morbum
665 660 853 737 diffundunt,
873 678 982 724 manus
996 664 1114 727 adiere

132 763 189 807 nec
203 748 265 808 ulla
279 749 357 807 dura
374 747 493 806 videtur
508 746 633 818 curatio,
650 747 737 806 cuius
751 747 894 807 salutaris
907 745 1040 807 effectus
1055 756 1113 809 est

102 832 175 892 elta
188 832 288 907 legum
302 831 477 907 praesidem
491 830 683 903 civitatisque
694 835 844 890 rectorem
855 830 952 904 decet,
965 833 1116 906 quamdiu

13 974 16 980 .
131 922 249 991 potest,
275 915 378 974 verbis
400 912 497 974 ethis
512 913 701 974 mollioribus
722 913 986 988 ingeminantem,
1012 923 1050 976 ut
1071 918 1114 977 la·

132 999 241 1058 cienda
255 999 384 1060 suadeat
398 992 655 1072 cupiditatemque
674 996 796 1058 honesti
817 1004 847 1057 et
864 997 954 1073 aequi
969 1001 1116 1061 conciliet

131 1082 240 1143 animis
254 1081 406 1157 iaciatque
421 1081 561 1141 vitiorum
575 1081 688 1152 odium,
700 1082 829 1155 pretium
839 1080 993 1142 virtutum.
1015 1091 1116 1145 nans:

132 1173 182 1227 eet
195 1165 306 1226 deinde
320 1165 360 1224 ad
375 1164 536 1226 tristiorem
551 1166 733 1239 orationem,
752 1181 812 1240 qua
826 1173 948 1226 moneat
962 1165 1069 1227 adhuc
1086 1174 1116 1229 et

133 1250 307 1325 exprobret
347 1247 515 1310 novissime
534 1249 574 1308 ad
595 1264 713 1323 poenas
733 1256 764 1309 et
781 1248 838 1308 has
860 1249 960 1309 adhuc
980 1250 1071 1312 leves
1086 1258 1115 1312 et

131 1333 323 1395 revocabiles
338 1334 490 1393 decurrat
530 1331 634 1392 ultima
648 1331 800 1407 supplicia
814 1333 982 1393 sceleribus
997 1335 1114 1395 ultimis

134 1426 241 1495 ponat,
263 1424 297 1478 ut
310 1433 399 1477 nemo
415 1425 535 1492 pereat,
555 1416 614 1476 nisi
631 1431 720 1492 quern
735 1416 836 1491 perire
849 1417 939 1476 etiam
954 1419 1114 1492 permotis

104 1503 259 1568 lintersit
280 1502 346 1562 Hoc
361 1517 423 1562 uno
438 1499 630 1561 medentibus
644 1499 702 1561 crit
715 1499 880 1574 dissimilis,
892 1500 976 1576 quod
987 1500 1034 1562 illi
1045 1505 1111 1579 qui·

132 1587 191 1647 bus
204 1586 297 1646 vitam
311 1602 374 1648 non
389 1592 554 1660 potuerunt
567 1585 678 1659 largiri,
690 1585 808 1645 facilem
820 1585 933 1645 exitum
945 1592 1112 1661 praestant,

133 1671 182 1730 hic
203 1671 363 1730 damnatos
384 1686 453 1730 cum
474 1669 627 1729 dedecore
652 1676 684 1730 et
706 1669 897 1728 traductione
922 1671 983 1730 vita
1009 1671 1112 1746 exigit,

133 1768 194 1814 non
210 1753 282 1827 quia
296 1754 462 1813 delectetur
481 1753 572 1813 ullius
592 1767 709 1826 poena,
739 1753 848 1828 procul
867 1760 915 1812 est
934 1753 1017 1812 enim
1030 1769 1052 1815 a
1065 1770 1112 1816 sa

135 1836 234 1912 piente
248 1844 309 1896 lam
323 1836 487 1896 inhumana
500 1836 614 1909 fecitne,
636 1837 692 1896 sed
703 1842 739 1895 ut
747 1837 962 1898 documentum
976 1837 1112 1899 omnium

133 1919 207 1991 sint,
224 1927 253 1977 et
271 1919 323 1994 qui
338 1922 406 1980 clici
421 1922 479 1979 vivi
492 1920 653 1980 noluerunt
667 1919 835 1996 prodesse,
850 1928 947 1981 morte
961 1929 1046 1982 certe
1061 1936 1112 1984 eo·

132 2018 200 2063 rum
213 2002 389 2076 respublica
403 2010 512 2063 utatur.
545 2003 611 2062 Non
626 2011 673 2064 est
686 2018 759 2078 ergo
774 2011 881 2064 natura
891 2004 1025 2066 hominis
1038 2022 1113 2082 poc·

134 2100 193 2146 nae
208 2087 372 2160 adpetens:
389 2086 459 2147 ideo
475 2103 513 2146 ne
528 2085 574 2146 ira
589 2087 712 2162 quidem
727 2089 897 2149 secundum
907 2096 1048 2150 naturam
1059 2090 1112 2152 ho

106 2169 239 2242 5minis,
262 2170 333 2245 quia
348 2186 467 2245 poenae
482 2172 631 2245 adpetens
645 2179 702 2233 est
740 2173 778 2232 Et
795 2171 930 2234 Platonis
949 2188 1112 2247 argumen-

134 2261 197 2315 tum
220 2255 369 2314 adleram=
399 2254 473 2330 quid
500 2253 582 2315 enim
600 2262 691 2316 nocet
710 2257 815 2316 alienis
837 2258 879 2318 uti
893 2272 933 2316 ex
948 2265 1038 2333 parte
1053 2274 1113 2335 qua

132 2346 238 2400 nostra
252 2345 345 2400 suntt
382 2341 435 2400 Vir
452 2341 552 2413 bonus,
566 2340 670 2415 inquit,
686 2356 745 2401 non
758 2343 860 2402 laedit.
894 2358 994 2417 poeno
1011 2345 1114 2405 laedit

133 2424 206 2486 bono
220 2440 292 2498 opo
308 2439 405 2499 poeno
418 2428 631 2485 conconvenit.
667 2425 703 2485 ob
715 2425 771 2485 boc
784 2443 839 2485 nec
853 2428 915 2499 ira,
930 2429 1003 2501 putu
1010 2442 1113 2502 poeno

132 2511 197 2569 bac
211 2511 351 2569 conoenit.
394 2507 431 2568 Si
442 2511 487 2568 vir
501 2509 592 2568 bonus
602 2524 699 2584 poeno
712 2524 772 2568 non
783 2511 910 2583 pandet,
925 2526 983 2570 non
995 2513 1113 2585 poum-

132 2592 173 2652 bit
185 2609 222 2652 ne
235 2609 268 2652 eo
283 2594 400 2666 quidem
417 2593 549 2665 adfectu,
564 2597 615 2653 cui
623 2608 721 2668 poeno
737 2596 880 2669 uoluptati
888 2601 946 2654 est:
962 2611 1038 2670 erqo
1053 2610 1114 2657 nott

132 2679 404 2738 eunome-alona.

106 2778 120 2830 1
194 2759 258 2818 Vll.
303 2758 504 2835 Numquid,
533 2760 706 2834 quamvis
735 2776 808 2820 non
836 2761 888 2821 sit
915 2762 1113 2824 naturalis

133 2842 1021 2921 ira‚adsumendaest,quiautilissaepeluitt
1050 2846 1112 2906 Ex·

132 2924 210 2988 tollit
228 2925 345 2988 animos
362 2936 394 2989 et
412 2927 524 2988 incitat.
565 2928 801 3004 necquicquam
817 2929 883 2990 sine
900 2929 951 2989 illa
971 2931 1111 3006 magnifl-

133 3025 201 3072 cum
215 3010 245 3070 in
259 3010 340 3071 bello
356 3012 501 3073 fortitudo
516 3012 609 3087 gerit,
630 3011 688 3071 nisi
703 3011 774 3073 hinc
787 3011 911 3073 flamma
924 3013 1051 3076 subdita
1065 3020 1114 3077 cst

132 3092 226 3154 ethic
241 3093 381 3156 stimulus
396 3096 575 3172 peragitavit
593 3096 735 3170 misitque
755 3097 785 3157 in
806 3098 943 3172 pericula
961 3098 1111 3161 anemae

134 3175 285 3253 Optimum
300 3179 403 3254 itaque
417 3179 541 3255 quidem
556 3186 664 3254 putant
677 3185 848 3256 temperare
862 3181 952 3251 iram,
974 3197 1038 3242 non
1053 3183 1112 3245 tol-

132 3261 204 3335 lere,
219 3277 320 3337 eoque
334 3264 470 3324 detracto
487 3264 570 3339 quod
585 3264 728 3336 exundat,
746 3266 785 3324 ad
800 3267 963 3326 salutarem
983 3264 1112 3328 modum

133 3359 259 3420 cogere,
284 3346 314 3405 id
335 3363 410 3408 vero
427 3347 573 3421 retinere,
594 3348 662 3408 sine
677 3363 739 3424 quo
754 3348 909 3424 languebit
921 3348 1001 3410 actio
1013 3354 1051 3412 et
1063 3351 1112 3412 vio

102 3436 168 3490 tac
180 3428 268 3505 vigor
283 3430 374 3491 animi
387 3434 569 3493 resolvetur.
600 3431 731 3492 Primum
746 3433 865 3495 lucilius
880 3441 928 3494 est
942 3434 1114 3498 excludere

132 3513 306 3589 perniciosa
321 3531 412 3590 quam
426 3531 549 3590 regere,
567 3523 597 3576 et
617 3533 677 3577 non
692 3517 850 3578 admittere
866 3533 957 3592 quam
973 3517 1113 3582 admissu

125 3724 215 3742 -ι
