2438 3968
309 216 360 276 DE
374 215 593 276 BREVITATE
606 215 735 275 VITAE.
758 222 878 278 1o—18.
1010 213 1073 277 215

107 370 164 432 sed
178 369 304 429 materia
317 374 461 429 mutatum
478 367 573 429 nostri
587 384 645 428 nos
658 366 792 428 honores
809 373 979 428 torserunt=
1002 370 1072 445 plus

105 453 253 530 temporis
278 452 367 512 alieni
395 451 545 513 auferunt.
577 451 728 511 candidati
748 451 888 511 laborare
909 451 1072 515 desiimus:

106 535 326 611 suffragatores
354 535 526 611 incipimus.
565 535 731 595 accusandi
756 533 954 609 deposuimus
979 538 1073 598 molc-

106 629 210 683 sttam:
224 618 378 680 iudicandi
391 620 602 680 nanciscimur.
635 617 728 678 iudex
742 618 833 678 desiit
847 633 934 678 esset
952 618 1073 695 quaesi-

104 714 153 766 tor
165 712 221 765 est.
236 705 403 765 alienorum
414 704 563 765 bonorum
574 702 761 762 mercenaria
774 702 989 776 procuratione
1000 719 1072 764 cou-

106 789 221 849 senuit:
236 789 300 848 suis
312 787 423 863 opibus
435 787 593 847 detinetur.
615 785 742 845 Marium
754 787 851 861 caliga
863 786 989 848 dimisitz
1001 802 1072 848 con·
1085 797 1102 852 6

105 875 222 934 sulatus
234 879 364 932 exercet.
388 871 524 944 Quintius
536 870 711 930 dictaturam
718 870 1072 945 properatpraevoder02

106 958 144 1016 ab
160 962 259 1016 aratro
273 956 474 1016 revocabitur.
497 953 549 1014 ivit
565 953 596 1012 in
613 953 733 1015 Poenos
748 954 884 1014 nondum
895 960 999 1015 mutae
1010 970 1073 1014 ma·

105 1048 192 1102 turus
207 1040 251 1098 rei
267 1038 386 1114 Scipio,
413 1039 511 1100 victor
527 1037 718 1112 Hannibalis,
738 1038 838 1100 victor
851 1037 1008 1112 Antiochi,
1024 1036 1074 1099 sui

105 1125 283 1185 consulatus
304 1124 416 1196 decus,
442 1122 564 1184 fraterni
579 1138 728 1196 sponsor,
754 1120 785 1180 ni
799 1123 970 1196 peripsum
987 1137 1074 1183 mora

106 1209 161 1281 sit,
184 1223 252 1268 cum
266 1208 339 1267 love
353 1215 567 1281 reponeretur:
594 1207 699 1266 civiles
713 1212 901 1267 servatorem
917 1206 1075 1282 agitabunt

105 1292 273 1352 seditiones
293 1299 322 1351 et
338 1299 408 1366 post
422 1291 574 1352 fastiditos
589 1306 608 1349 a
621 1288 731 1349 iuvene
745 1291 792 1349 dis
807 1305 925 1365 aequos
939 1290 1073 1351 honores

105 1376 278 1436 iamsenem
290 1376 477 1436 contumacis
487 1373 569 1434 exilii
581 1373 742 1434 delectabit
752 1372 884 1433 ambitio.
905 1373 1074 1450 Numquam

106 1459 235 1519 deerunt
246 1459 296 1518 vel
310 1460 415 1518 felices
431 1460 480 1518 vel
495 1459 624 1517 miserae
639 1457 850 1518 sollicitudinis
868 1473 991 1518 causae.
1019 1473 1075 1533 par

105 1543 324 1616 occupationes
341 1542 401 1600 vita
416 1542 559 1602 trudetur.
590 1542 681 1600 otium
695 1557 857 1614 numquam
867 1548 985 1617 agetur,
995 1556 1074 1601 sem-

109 1643 165 1700 per
184 1626 346 1700 optabitur.

168 1710 272 1770 XVIII.
294 1709 433 1786 Excerpe
449 1709 551 1783 itaque
565 1715 595 1767 te
609 1708 709 1782 volgo,
724 1707 848 1768 Pauline
863 1708 1029 1781 carissime,
1044 1715 1100 1769 etl

107 1794 135 1852 in
158 1794 392 1870 tranquilliorem
419 1800 536 1867 portum
558 1808 619 1852 non
635 1808 690 1866 pro
707 1793 813 1852 aetatis
829 1793 929 1867 spatio
944 1792 1073 1852 iactatus

107 1879 228 1938 tandem
249 1879 369 1936 recede.
402 1876 515 1951 Cogita,
531 1884 605 1951 quot
619 1873 730 1935 fluctus
746 1875 891 1951 subieris,
913 1883 987 1952 quot
1000 1883 1075 1936 tem-

108 1967 241 2040 pestates
261 1960 370 2038 partim
391 1960 525 2035 privatas
545 1959 741 2033 sustinueris,
766 1960 874 2034 partim
888 1959 1027 2037 publicas
1044 1959 1075 2018 in

106 2054 134 2105 te
156 2047 352 2106 converteris.
383 2045 457 2104 satis
476 2047 535 2105 iam
549 2060 605 2118 per
620 2045 774 2105 laboriosa
788 2051 817 2103 et
831 2045 965 2121 inquieta
979 2044 1074 2104 docu-

106 2137 206 2189 menta
225 2128 359 2190 exhibita
378 2129 474 2190 virtus
496 2136 558 2188 est:
585 2128 740 2204 experire,
766 2129 839 2202 quid
853 2130 882 2188 in
898 2129 958 2189 otio
974 2127 1073 2187 iaciat.

104 2211 201 2273 Maior
215 2229 287 2288 pars
303 2212 425 2287 aetatiS,
448 2221 530 2274 certe
544 2213 651 2273 melior
663 2212 849 2286 reipublicae
863 2213 933 2272 data
947 2211 999 2272 sit:
1021 2212 1074 2269 ali·

106 2297 178 2368 quid
197 2296 344 2370 temporis
361 2297 403 2356 tui
418 2311 506 2358 sume
520 2297 609 2357 etiam
622 2295 685 2355 tibi.
706 2296 769 2356 Nec
785 2296 868 2355 lead
885 2310 1010 2369 segnem
1025 2301 1103 2362 autu

105 2380 231 2437 inertem
247 2380 377 2454 quietem
393 2395 487 2441 voco:
513 2397 573 2441 non
588 2387 622 2439 ut
636 2395 743 2439 somno
761 2386 791 2438 et
805 2380 883 2439 caris
899 2378 1006 2438 turbae
1021 2393 1073 2436 vo-

106 2463 280 2535 luptatibus,
297 2464 442 2538 quicquid
459 2471 507 2524 est
520 2463 551 2524 in
560 2470 590 2523 te
597 2464 708 2523 indolis
717 2462 846 2533 vividae,
859 2477 989 2536 mergas.
1011 2478 1073 2521 non

105 2552 154 2605 est
174 2546 255 2606 istud
277 2547 493 2621 adquiescere=
518 2546 655 2606 invenies
676 2547 791 2606 maiora
811 2545 952 2606 omnibns
974 2545 1074 2605 adhuc

105 2637 229 2689 strenue
243 2631 378 2691 tractatis
392 2630 546 2706 operibus,
563 2646 643 2706 quae
657 2630 812 2706 repositus
826 2636 857 2690 et
867 2645 994 2689 securus
1010 2628 1072 2704 agi·

105 2723 161 2774 tes.
193 2714 237 2773 Tu
255 2712 377 2789 quidem
397 2713 480 2775 orbis
494 2722 639 2774 terrarum
652 2715 785 2776 rationes
804 2712 1000 2774 administras·
1011 2720 1105 2775 tamt

105 2798 292 2858 abstinenter
307 2813 398 2872 quam
413 2799 544 2874 alienas,
559 2805 620 2858 tam
635 2799 793 2873 diligenter
808 2814 899 2873 quam
913 2806 996 2871 tuas,
1011 2804 1073 2857 tam

104 2882 248 2955 religiose
269 2896 360 2957 quam
387 2881 534 2956 publicas.
566 2882 597 2942 in
621 2887 677 2954 [eo]
697 2881 799 2943 oliicio
815 2896 950 2942 amorem
964 2897 1072 2941 conse·

107 2965 219 3039 queris,
235 2965 266 3025 in
282 2983 343 3041 quo
360 2965 463 3026 odium
477 2967 573 3026 vitare
588 2965 711 3026 difficile
726 2974 790 3026 cst:
806 2965 862 3025 sed
876 2973 985 3038 tamen,
1000 2963 1073 3024 mihi

105 3050 212 3121 crede,
237 3050 333 3111 satius
348 3057 395 3110 est
408 3050 488 3108 vitae
505 3066 579 3111 suae
592 3049 741 3110 rationem
757 3065 847 3124 quarn
863 3047 1003 3109 frumenti
1016 3064 1072 3122 pu·

104 3132 175 3191 blici
192 3149 294 3193 nosse.
316 3134 410 3195 istum
424 3133 514 3194 animi
528 3135 679 3207 vigorem,
695 3149 796 3192 rerum
810 3130 1010 3192 maximarum
1024 3136 1102 3191 cat

106 3216 317 3290 pamssimum‚
333 3216 530 3278 aministario
544 3217 713 3277 honorifico
729 3216 867 3291 quidem,
892 3216 948 3275 sed
964 3231 1073 3291 parum

105 3300 145 3358 ad
157 3300 276 3360 beatam
287 3302 377 3362 vitam
389 3308 460 3377 apto
470 3300 569 3375 [adte]
577 3315 690 3360 revoca
701 3308 732 3360 et
742 3298 842 3374 cogita
853 3316 914 3360 non
927 3299 959 3359 id
969 3299 1072 3374 egisse

103 3390 134 3443 te
154 3385 193 3443 ab
216 3392 315 3445 aetate
339 3387 437 3460 prima
453 3385 534 3445 omni
550 3384 631 3445 cultu
646 3382 816 3445 studiorum
830 3383 1014 3457 liberalium,
1039 3392 1073 3444 ut

103 3466 157 3526 tihi
169 3471 261 3527 multa
273 3469 352 3528 milia
364 3469 588 3530 trumentibene
597 3468 865 3529 committerenturz
878 3467 974 3528 maius
983 3466 1071 3542 quid·
