2438 3968
111 270 155 307 vm
498 254 725 305 rnunrsrro.
754 307 757 312 ,
816 233 818 238 ’

109 393 233 444 omittere.
268 392 332 441 lbid.
349 408 370 441 c.
381 391 430 455 26,
447 390 471 442 3.
490 393 559 455 quod
575 408 606 441 ex
624 393 718 443 vibar
735 392 784 442 feci
800 394 951 455 videbar,
969 394 1125 446 facillimum

109 471 147 512 est
164 468 188 512 et
202 461 334 526 aptissime
352 460 478 526 significat
491 462 518 512 id
533 461 565 511 de
582 476 632 524 quo
646 462 742 527 egitur,
760 461 914 512 Cremutium
924 461 1032 513 (lordum
1041 472 1126 514 morte

108 531 249 582 voluntaria
268 530 444 594 comprobasse
464 544 514 580 non
532 529 623 580 falsam
641 529 721 581 fuisse
736 530 866 582 bominum
885 531 1043 597 opinionem,
1066 535 1126 595 qui-

108 602 156 651 bus
171 599 305 649 videbatur
318 614 410 664 magno
426 599 509 649 animo
525 600 657 664 scripsisse
670 599 799 650 historias.
834 598 955 650 Similiter
969 601 1045 651 etiam
1061 601 1125 652 alibi

109 669 221 733 correxi,
246 668 325 718 veluti
346 669 378 718 de
393 666 488 718 Beneff.
498 668 542 728 IV,
558 668 590 729 6,
611 670 634 718 l.
653 668 796 719 solidum
814 670 926 721 scribens
938 684 988 734 ¹pro
1006 685 1035 719 eo
1052 672 1125 733 quod

108 738 238 803 vulgatum
256 744 294 786 est
311 736 430 802 solum,
448 744 473 786 et
488 737 515 786 in
527 737 584 786 Nat.
601 737 742 803 Quaesitl,
755 739 781 803 2,
798 739 823 788 7.
840 740 903 790 eieci
917 737 1043 803 glossam,
1059 754 1125 802 qna-

107 807 144 857 les
165 807 191 856 in
213 805 257 856 illo
277 820 352 871 opere
369 803 508 871 permultae
525 814 599 865 sunt,
622 808 794 867 exturbat,
819 816 844 857 et
859 809 943 872 recepi
960 807 1048 874 optimi
1064 809 1123 858 eod.

107 877 259 941 scripturam
275 890 313 925 ex
330 890 363 925 ao
381 874 546 938 trahatur,
565 874 615 924 nisi
631 875 699 938 quod
715 874 911 926 trarehaln'r
925 878 1026 942 scripsi.

178 943 229 994 Sed
249 944 280 994 de
303 943 418 993 codicum
436 944 538 995 illorum
558 952 583 993 et
604 946 758 1008 praestantia
775 952 799 995 et
816 946 885 996 vitiis
903 945 976 1011 plura
992 959 1060 995 nunc
1078 961 1125 995 ex-

106 1028 199 1080 ponere
222 1012 327 1077 longum
349 1020 395 1062 est.
422 1028 529 1076 qnorum
548 1013 640 1063 virtute
661 1015 709 1062 etsi
731 1013 834 1078 plurimi
856 1014 906 1064 loci
924 1014 1034 1065 restituti
1052 1023 1124 1075 sunt,

107 1090 202 1133 restant
216 1089 301 1131 tamen
316 1080 387 1132 haud
402 1083 490 1146 pauci,
509 1083 552 1145 qui
565 1080 705 1132 feliciorem
719 1083 870 1134 medicinam
886 1083 1031 1134 desiderant
1044 1099 1125 1147 quam

107 1166 158 1213 qna
173 1165 221 1217 ego
237 1164 301 1200 usus
313 1164 380 1202 sum.
413 1150 500 1215 Neque
514 1152 580 1201 euim
598 1151 634 1200 ita
649 1149 712 1201 mihi
726 1150 827 1216 placeo,
844 1160 872 1203 ut
881 1153 1039 1203 coniecturas
1049 1167 1125 1201 meas

108 1221 180 1269 unice
198 1219 342 1285 probandas
359 1227 460 1286 putem,
484 1221 549 1270 inter
566 1233 629 1283 quas
650 1227 708 1269 sunt
730 1221 818 1284 etiam,
842 1235 905 1284 quas
921 1236 973 1271 non
993 1221 1070 1270 aliam
1089 1221 1123 1271 ob

107 1303 210 1339 oausam
232 1286 306 1338 intuli
325 1302 402 1350 qnam
421 1289 481 1352 quia
503 1287 600 1352 aliquid
618 1295 684 1338 certe
701 1290 844 1372 ponendum
867 1298 920 1340 erat
937 1289 1124 1372 qualecumque

106 1357 134 1408 id
155 1365 236 1418 esset,
260 1371 342 1420 neque
364 1357 483 1408 editionis
505 1357 581 1406 huius
602 1356 707 1407 consilio
723 1358 856 1408 convenire
872 1360 1023 1417 arbitrabar,
1044 1359 1124 1408 nimis

106 1441 183 1494 saepe
198 1427 274 1477 verba
278 1433 408 1509 ‘corrupta
424 1427 531 1477 retinere
547 1434 572 1476 et
586 1426 681 1478 crebris
697 1425 862 1497 stellarum
842 1428 923 1496 signis
939 1427 1046 1478 lectores
1060 1428 1122 1478 abs-

107 1504 211 1556 terrere3
231 1496 286 1546 cavi
300 1502 385 1546 tamen
399 1495 490 1546 litteris
504 1495 643 1552 inclinatis,
658 1510 690 1546 ne
704 1495 766 1546 certi
780 1504 804 1547 et
812 1492 911 1564 integri
925 1504 1045 1563 putentur
1061 1496 1121 1557 loci,

107 1566 150 1628 qni
164 1565 316 1617 coniecturis
331 1565 437 1616 correcti
449 1572 522 1625 snnt3
540 1564 600 1615 item
614 1579 680 1627 quae
697 1565 753 1630 ipse
770 1566 970 1631 supplementa
963 1581 989 1615 ιιι
1006 1566 1068 1615 locis
1083 1564 1123 1615 la-

106 1635 207 1685 ounosis
222 1634 321 1694 adieci,
340 1634 373 1685 de
390 1634 482 1697 quibus
496 1633 564 1684 ldem
581 1647 647 1683 nuno
662 1633 757 1684 dictum
773 1635 845 1695 volo,
862 1635 931 1698 qnod
949 1635 975 1684 ln
988 1634 1071 1700 praef.
1087 1634 1123 1685 ad

105 1704 230 1753 Velleinm
245 1702 403 1771 Paterculum
421 1717 437 1753 a
454 1718 495 1753 me
511 1703 606 1754 edltnm
623 1702 693 1763 dixi,
717 1703 790 1753 nncls
808 1703 904 1754 inclusa
921 1702 1088 1767 litterisque
1081 1718 1124 1752 rn-

107 1772 204 1826 alinatis
223 1772 348 1837 descripte
364 1763 435 1831 s'unt3
455 1780 541 1822 oontre
556 1786 622 1835 quae
637 1771 780 1822 abiicienda
794 1773 868 1822 uncis
884 1772 1015 1839 significo,
1036 1787 1068 1822 ea
1082 1788 1124 1822 re·

105 1841 152 1891 ctis
170 1840 260 1890 litteris
276 1840 440 1906 exprimenda
457 1841 554 1891 curavi.
590 1840 797 1906 'l'ransposltione
814 1841 859 1891 ubi
871 1856 934 1892 usus
946 1856 1016 1902 sum,
1035 1843 1124 1906 ipsum

105 1908 191 1959 locum
206 1908 391 1973 transpositum
408 1909 440 1958 ab
456 1909 528 1959 lnitlo
545 1908 611 1959 etin
625 1907 675 1958 lina
693 1908 776 1958 erucis
790 1908 871 1976 ligura
889 1911 1003 1976 signavi,
1024 1909 1061 1960 lbi
1075 1925 1122 1960 au-

105 1991 170 2044 tem,
188 1978 280 2028 unde
273 1991 296 2027 rs
312 1978 496 2043 transpositus
499 1984 551 2038 est,
570 1990 671 2028 crucem
688 1975 817 2042 duplicem
832 1979 915 2043 posui.

120 2046 215 2165 unffid
228 2046 432 2112 Epigrammata,
451 2061 515 2110 quae
528 2061 544 2095 a
556 2045 671 2096 Fickerto
684 2046 797 2096 nondum
811 2047 880 2097 edita
893 2057 965 2109 sunt,
984 2047 1047 2098 nihil
1060 2050 1124 2098 novi

104 2131 120 2165 a
209 2115 298 2166 habui.

173 2184 274 2235 Lndum
287 2199 338 2234 nun
352 2197 431 2234 ansus
445 2199 502 2235 aum
519 2185 552 2234 ad
567 2183 637 2235 solos
652 2183 752 2234 oodiocs
769 2185 956 2235 vetustissimos
971 2183 1123 2252 Sangallen-

104 2269 159 2305 aem
177 2260 202 2304 et
218 2253 439 2304 Valentlanensem
456 2267 600 2312 mansero,
625 2254 774 2317 praesertim
791 2268 848 2303 enm
864 2252 896 2303 de
913 2253 981 2304 illius
995 2256 1124 2320 scriptura

104 2321 255 2387 aliquotiens
281 2337 333 2372 non
353 2329 466 2382 constetc
493 2316 614 2388 pertinuit
628 2329 713 2372 autern
731 2322 855 2373 dubitatio
874 2337 932 2373 mea
947 2338 997 2374 non
1015 2331 1068 2374 tam
1086 2326 1123 2375 ad

103 2393 181 2442 verba
197 2391 299 2473 singula
314 2405 390 2456 qnam
406 2391 440 2442 ad
454 2398 521 2442 totos
535 2390 621 2456 locos,
638 2391 683 2454 qui
700 2389 750 2441 illis
768 2391 873 2451 desunt3
897 2407 947 2455 qua
964 2393 991 2443 in
1006 2408 1033 2442 re
1048 2393 1123 2444 nolui

104 2461 189 2512 media
204 2461 249 2512 illa
265 2463 310 2513 ria
327 2461 443 2527 ingredi,
467 2475 542 2523 quam
558 2459 687 2509 lliokertus
705 2459 797 2527 elegit,
813 2460 858 2524 qul
872 2476 931 2511 oum
948 2461 1071 2526 plurimos
1088 2478 1122 2513 ex

104 2529 155 2580 illis
170 2530 306 2590 obiiceret,
330 2529 394 2580 allos
411 2538 495 2579 tamen
512 2530 627 2588 retinult;
651 2528 748 2579 scillcet
766 2529 879 2581 nondum
895 2530 1054 2596 exploratum
1071 2540 1121 2592 est,

104 2614 175 2663 quae·
188 2599 222 2648 sit
246 2613 334 2649 eorum
354 2598 427 2664 origo
444 2606 469 2649 et
491 2598 556 2648 sitne
572 2597 684 2648 omnium
701 2598 803 2662 eadem,
829 2614 862 2651 an
881 2597 991 2650 habeant
1005 2600 1122 2651 nonnulli

105 2668 201 2718 iontem
222 2669 399 2728 vetusuorem3
425 2681 502 2733 quare
520 2667 639 2729 quonlam
656 2673 739 2716 tutum
759 2681 810 2718 uon
827 2675 880 2719 eret
895 2683 982 2719 omnes
1000 2669 1121 2735 abiicere,

104 2739 184 2786 satius
213 2737 297 2787 risum
322 2744 362 2786 cst
387 2734 482 2803 pariter
506 2750 592 2786 omnes
618 2736 725 2786 retinere
747 2737 819 2788 uncis
845 2737 974 2798 inclusos,
1003 2739 1122 2802 quamvis

103 2804 237 2872 probabile
256 2807 303 2864 slt,
324 2820 369 2856 eoa
389 2804 454 2856 nihil
469 2803 539 2856 eliud
554 2819 611 2856 esse
627 2804 676 2854 nisi
691 2804 868 2871 supplementa
883 2806 1033 2858 Nodotianis
1049 2808 1122 2857 simi-

104 2875 154 2935 lia,
170 2873 258 2924 secnlu
272 2872 321 2924 XV
338 2874 464 2935 coniecta,
489 2889 555 2937 quae
575 2875 602 2924 in
619 2873 710 2938 paucis
731 2873 800 2927 band
820 2875 919 2927 inlloeta
935 2875 1048 2936 iudices,
1073 2877 1122 2926 sed

104 2945 242 2995 maximam
256 2950 354 3009 partem
369 2943 466 3011 frigida
479 2949 505 2994 et
520 2943 575 2992 sine
590 2942 682 2993 idonea
696 2957 775 2994 eausa
792 2945 906 2999 mndata.

173 3011 384 3079 Orthographiam
401 3013 520 3077 quoniam
540 3026 587 3078 par
603 3021 641 3062 est
656 3012 688 3061 ab
704 3027 734 3061 eo
751 3014 883 3074 constitui,
902 3014 946 3078 qni
962 3012 1040 3063 libros
1055 3027 1120 3064 mss.

103 3083 160 3149 ipse
171 3083 301 3141 tractavit,
318 3080 395 3132 talem
408 3081 462 3133 lere
473 3081 580 3144 reliqui,
597 3080 698 3144 qualem
712 3081 842 3133 Fickertns
857 3097 914 3134 esse
926 3081 1015 3142 voluit,
1030 3096 1121 3145 quam-

103 3165 179 3214 quam
194 3151 307 3201 mantin
325 3165 370 3211 ea,
391 3166 457 3214 qnae
471 3165 522 3200 nou
537 3148 684 3215 probarem
703 3149 928 3217 interpunctionem
942 3166 1004 3201 vero
1019 3151 1117 3216 perspi

103 3219 206 3271 enitatis
229 3220 313 3286 gratia
338 3220 408 3270 anxi.
448 3219 563 3283 Denique
584 3226 711 3283 postremo
733 3220 862 3272 volumina
887 3219 1006 3271 adiiciam
1033 3234 1120 3269 rerum

103 3289 213 3340 indicem
230 3303 325 3339 norum
341 3303 357 3338 a
371 3304 412 3340 rna
428 3288 562 3354 diligenter
576 3286 726 3339 conlectum

173 3355 319 3408 scribebam
337 3357 504 3408 Vratisiarlae
520 3369 607 3407 mense
622 3354 723 3407 Octobri
741 3372 764 3408 o.
781 3355 928 3408 MDOGCU.
