2438 3968
202 230 263 292 102
485 233 518 291 L.
541 231 686 290 ANNAEi
710 231 885 293 SENECAE

171 384 278 446 amala
305 382 424 458 perdis!
457 382 573 456 Quanto
599 397 680 442 nunc
705 389 770 441 erat
792 381 887 441 satius
913 382 1036 444 amicos
1062 400 1184 462 parare,

198 466 336 527 inimicos
354 467 505 541 mitigare,
525 465 744 541 rempublicam
758 465 985 538 administrare,
1007 470 1183 531 transferre

198 551 227 609 in
239 566 291 610 res
307 551 489 611 domesticas
506 564 629 624 operam
647 565 736 624 quam
752 549 1005 624 circumspicere,
1030 553 1113 626 quid
1131 555 1180 615 ali·

199 635 247 694 cui
268 636 369 695 lacere
384 634 488 709 possis
504 635 588 707 mali,
611 633 694 707 quod
714 641 766 693 aut
780 632 915 708 dignitati
930 633 999 694 eius
1014 643 1074 696 aut
1090 638 1180 712 patri·

127 762 130 772 1
197 719 299 778 monio
316 727 368 780 aut
382 719 503 794 corpori
520 720 629 778 volnus
644 716 779 792 infligas,
797 733 864 777 cum
880 716 911 776 id
925 715 981 777 tibi
996 722 1179 796 contingere

197 803 263 862 sinc
278 803 440 863 certamine
455 818 491 862 ac
505 802 640 876 periculo
655 818 715 861 non
732 801 845 875 possit,
870 800 989 862 etiamsi
1011 819 1091 864 cum
1105 805 1178 865 inle-

167 885 276 945 3riore
299 903 475 947 concurses.
501 887 644 946 Vinctum
663 887 734 946 licet
754 884 888 960 accipias
910 892 940 945 et
953 886 992 946 ad
1016 888 1176 950 arbitrium

195 980 279 1030 tuum
302 972 381 1031 omni
404 969 565 1045 patientiae
587 969 776 1044 expositum=
804 985 898 1044 saepe
918 969 1011 1030 nimia
1036 973 1088 1033 vis
1110 989 1176 1034 cae·

196 1055 294 1114 dentis
317 1061 369 1114 aut
388 1056 542 1114 articulum
567 1054 634 1114 loco
656 1054 750 1113 movit
769 1060 821 1113 aut
841 1069 966 1113 nervum
981 1053 1012 1113 in
1029 1053 1082 1116 his
1099 1074 1176 1137 quos

195 1139 327 1212 fregerat
342 1139 483 1199 dentibus
500 1139 573 1197 fixit.
603 1141 714 1198 multos
729 1137 887 1197 iracundia
900 1153 1049 1214 mancos,
1063 1144 1175 1203 mullos

196 1221 313 1283 debiles
334 1224 418 1296 lecit,
445 1223 534 1282 etiam
556 1220 608 1282 ubi
625 1222 785 1296 patientem
804 1227 915 1282 nancta
934 1229 983 1282 est
1001 1226 1174 1287 materiam.

194 1305 282 1365 adice
301 1323 398 1380 nunc,
420 1307 502 1381 quod
524 1305 596 1365 nihil
618 1315 678 1367 tam
698 1305 838 1366 inbecilla
853 1312 956 1367 natum
972 1314 1039 1382 est,
1061 1316 1096 1370 ut
1110 1310 1174 1372 sine

194 1388 334 1451 elidentis
361 1392 496 1466 periculo
521 1397 633 1465 pereat.
666 1389 825 1450 inbecillos
851 1389 1077 1455 valentissimis
1100 1395 1174 1455 alias

165 1475 290 1547 adulor,
307 1476 382 1536 alias
398 1491 490 1536 casus
505 1482 666 1550 exaequat.
688 1473 773 1547 Quid,
789 1474 871 1548 quod
887 1475 1041 1549 pleraque
1059 1493 1173 1553 eorum,

193 1568 318 1634 propter
339 1577 418 1635 quae
433 1558 607 1632 irascimur,
633 1557 791 1618 offendunt
807 1575 863 1618 nos
879 1558 976 1632 magis
997 1575 1100 1634 quam
1116 1564 1171 1623 lae

194 1642 289 1703 dunt?
318 1646 443 1704 multum
468 1649 567 1703 autern
593 1645 733 1716 interest,
759 1649 857 1702 utrum
882 1641 993 1715 aliquis
1022 1645 1171 1709 voluntati

193 1742 280 1786 meae
295 1728 395 1788 obstet
409 1745 446 1787 an
464 1727 556 1799 desit,
578 1726 686 1802 eripiat
699 1743 737 1785 an
754 1743 814 1787 non
831 1727 890 1786 det.
920 1725 1005 1802 atqui
1024 1727 1058 1788 in
1075 1746 1171 1806 aequo

193 1809 350 1883 ponimus,
380 1818 478 1871 utrum
499 1811 609 1884 aliquis
629 1812 746 1871 aulerat
765 1827 804 1869 an
825 1817 929 1885 neget,
957 1818 1066 1874 utrum
1088 1831 1171 1891 spem

194 1900 328 1952 nostram
344 1895 500 1969 praecidat
513 1910 550 1952 an
569 1894 696 1968 differat,
714 1901 812 1954 utrum
827 1901 932 1979 contra
946 1910 1006 1955 nos
1025 1897 1126 1960 iaciat
1137 1915 1169 1960 an

164 1987 180 2036 5
194 1993 249 2050 pro
267 1993 316 2051 sc,
339 1993 443 2038 amore
460 1978 582 2038 alterius
598 1996 635 2037 an
651 1979 721 2039 odio
737 1977 842 2039 nostri.
873 1977 1000 2052 Quidam
1020 1997 1100 2044 vero
1117 2000 1168 2047 non

193 2067 307 2121 tantam
325 2059 420 2121 iustas
436 2078 546 2122 causas
561 2063 661 2123 standi
677 2071 782 2123 contra
796 2079 869 2134 nos,
894 2062 951 2122 sed
966 2063 1065 2127 etiam
1080 2067 1168 2131 hono

192 2153 256 2206 stas
281 2145 409 2206 habent:
436 2146 513 2206 alius
538 2154 652 2221 patrem
679 2154 792 2219 tuetur,
820 2147 897 2206 alius
924 2147 1070 2227 tratrem,
1097 2152 1168 2215 atius

192 2228 334 2304 patriam,
361 2229 439 2290 alius
463 2231 603 2291 amicum.
637 2231 685 2290 his
708 2240 808 2291 tamen
833 2247 893 2290 non
919 2231 1120 2305 ignoscimus
1142 2235 1167 2297 id

191 2314 386 2386 iacientibus,
420 2315 584 2389 quodnisi
610 2315 758 2388 lacerent,
785 2314 1040 2393 inprobarernus,
1072 2321 1166 2394 immo,

191 2399 275 2473 quod
295 2406 342 2459 est
362 2398 554 2470 incredibile,
580 2415 674 2472 saepe
697 2400 736 2459 de
757 2400 836 2459 lacto
850 2397 930 2459 bene
944 2398 1164 2478 existimamus

160 2483 228 2548 ode
249 2482 378 2543 iaciente
398 2486 486 2543 male.
520 2486 558 2542 At
579 2483 767 2542 mehercules
791 2484 837 2542 vir
857 2497 986 2557 magnus
1009 2501 1052 2548 ae
1072 2489 1165 2552 iustu

190 2566 385 2628 fortissimum
414 2583 566 2643 quemque
586 2582 625 2625 ex
647 2567 786 2627 hostibus
808 2567 872 2626 suis
894 2574 925 2626 et
945 2583 1002 2642 pro
1030 2573 1164 2635 liberato

189 2666 226 2710 ac
247 2651 344 2711 salute
365 2653 479 2726 patriae
500 2650 774 2726 pertinacissimum
796 2650 925 2726 suspicit
942 2659 972 2713 el
993 2656 1093 2717 talem
1114 2652 1162 2719 sibi

190 2734 294 2807 civem,
310 2736 399 2795 talem
414 2735 535 2796 militem
551 2735 725 2809 contingere
742 2741 834 2809 optat.

161 2831 177 2883 1
251 2818 355 2879 XXIX.
376 2821 478 2894 Turpe
499 2827 546 2879 est
569 2819 674 2879 odisse
690 2835 780 2893 quem
802 2818 925 2878 laudes:
949 2830 1073 2893 quanto
1095 2837 1160 2885 veo

187 2902 307 2977 turpius
322 2903 361 2963 ob
376 2904 408 2962 id
422 2904 553 2978 aliquem
570 2903 688 2973 odisse,
712 2909 836 2977 propter
854 2903 936 2976 quod
951 2902 1162 2969 misericordie

189 2987 298 3062 dignus
320 2995 388 3047 esti
419 2988 444 3047 si
464 2987 603 3062 captivus
623 2985 654 3046 in
676 2988 852 3047 servitutem
874 2985 974 3046 subito
991 2987 1161 3066 depressor

187 3072 331 3147 reliquias
346 3071 490 3132 libertatis
505 3080 586 3132 tenet
601 3086 657 3130 nec
671 3071 709 3129 ad
722 3071 849 3131 sordida
860 3084 896 3128 ac
907 3069 1073 3136 laboriosa
1083 3072 1160 3137 mid
1201 3094 1204 3099 ·

188 3155 281 3215 steria
295 3154 382 3230 agilis
398 3156 542 3228 occurrit,
565 3155 589 3215 si
605 3170 644 3214 ex
660 3153 721 3215 otio
737 3155 824 3229 piger
838 3170 950 3228 equum
973 3155 1160 3223 vehiculum·

189 3253 249 3311 que
270 3237 382 3298 domini
403 3255 495 3301 cursu
515 3256 575 3299 non
598 3247 762 3313 exaequat,
785 3239 811 3297 si
831 3237 909 3298 inter
924 3239 1087 3305 cotidiana
1100 3256 1159 3320 per

186 3320 289 3395 vigilia
314 3323 427 3383 lessnm
454 3340 581 3384 somnus
608 3324 776 3397 oppressit,
803 3322 828 3382 si
854 3321 1002 3389 rusticum
1028 3326 1159 3391 laborent

185 3413 308 3465 recusat
322 3412 372 3464 aut
386 3423 445 3467 non
463 3409 577 3468 lortiter
592 3406 665 3467 obiit
686 3423 704 3466 a
719 3407 862 3467 servitute
877 3406 995 3466 urbana
1011 3416 1046 3470 et
1059 3410 1159 3473 terina

156 3490 348 3551 auanslatus
364 3491 404 3551 ad
419 3491 526 3553 durum
549 3508 644 3567 opus:
668 3490 905 3566 distinguamus,
927 3497 1030 3552 utrum
1053 3492 1158 3573 aliquit

33 3544 38 3561 ’
124 3632 294 3736 Λ
