2438 3968
201 247 265 312 282
480 250 513 307 L.
533 249 678 309 ANNAEI
699 249 872 310 SENECAE

202 405 321 466 tissima
339 403 446 463 itinera
461 403 527 462 sine
541 401 764 462 intermissione
779 401 918 463 defluens
931 401 1075 477 eliditur,
1098 421 1173 480 quo·

202 488 283 548 tiens
299 487 414 562 aliquid
435 485 562 559 obstitit,
585 486 669 561 quod
691 501 813 546 cursum
835 487 900 546 eins
922 487 1007 547 velut
1029 488 1175 548 torrentis

204 571 304 648 rapidi
318 577 501 643 moraretur,
524 570 554 629 in
577 586 637 644 qua
652 569 747 629 tribus
765 570 874 630 eodem
892 577 1030 645 tempore
1048 571 1174 632 theatris

172 688 177 691 -
204 657 274 717 viae
288 654 494 729 postulantur,
517 655 547 713 in
564 669 624 727 qua
640 653 827 713 consumitur
842 653 987 727 quioquid
1004 655 1094 714 terris
1110 672 1174 717 om-

204 740 294 799 nibus
313 746 429 799 aratur:
454 745 566 813 quanta
591 737 723 798 solitudo
749 743 779 796 et
798 737 931 804 vastitas
945 739 1048 798 lutura
1066 739 1121 812 sit,
1148 739 1173 798 si

205 823 278 882 nihil
306 821 487 896 relinquitur
514 818 574 880 nisi
603 821 686 895 quod
714 818 805 879 iudex
832 836 959 881 severus
986 821 1174 885 absolventi

173 918 191 970 2
206 907 322 980 Quotus
334 905 466 980 quisque
480 920 519 963 ex
535 903 747 978 quaestoribus
759 908 814 975 est,
831 904 882 979 qui
897 921 957 965 non
970 921 1009 964 ex
1024 904 1096 980 ipsa
1107 907 1174 980 lege

204 996 356 1060 teneatur,
381 1005 441 1062 qua
462 985 599 1062 quaeritr
621 985 882 1063 quotusquisque
902 996 1174 1049 accusatorvacat

206 1075 317 1147 culpat
335 1080 365 1132 et
379 1071 483 1133 nescio
499 1088 537 1130 an
558 1086 647 1130 nemo
662 1071 702 1130 ad
724 1071 855 1130 dandam
879 1072 998 1132 veniam
1020 1072 1174 1134 difficilior

172 1159 244 1219 bsit
260 1172 350 1232 quam
374 1156 425 1231 qui
445 1157 525 1215 illam
547 1162 651 1230 petere
676 1155 800 1229 saepius
821 1155 938 1216 meruit.
972 1155 1172 1216 Peccavimus

203 1256 330 1302 omnes:
360 1241 408 1298 alii
434 1239 552 1314 gravia,
574 1239 625 1297 alii
648 1237 777 1311 leviora,
801 1238 848 1298 alii
871 1255 910 1297 ex
927 1238 1096 1313 destinato,
1124 1238 1171 1300 alii

205 1327 283 1386 forte
297 1323 410 1397 inpulsi
425 1331 477 1383 aut
493 1322 592 1384 aliena
606 1321 741 1396 nequitia
753 1322 859 1394 ablati,
880 1322 930 1382 alii
944 1324 973 1383 in
993 1324 1084 1384 bonis
1101 1339 1171 1384 eon-

205 1407 282 1468 siliis
299 1424 405 1482 parum
420 1407 535 1466 fortiter
550 1406 687 1467 stetimus
702 1412 732 1465 et
746 1405 948 1467 innocentiam
960 1407 1047 1467 inviti
1069 1423 1107 1467 ac
1126 1423 1171 1467 re·

204 1493 334 1552 nitentes
350 1490 548 1566 perdidimus.
578 1505 635 1548 nec
656 1489 838 1565 deliquimus
854 1496 982 1564 tantum,
1001 1492 1059 1552 sed
1073 1506 1172 1567 usque

173 1581 191 1636 4
205 1577 242 1635 ad
260 1583 426 1635 extremum
441 1573 509 1634 aevi
524 1574 746 1648 delinquemus.
780 1574 876 1634 Etiam
893 1575 920 1633 si
935 1574 1002 1650 quis
1017 1582 1079 1634 tam
1094 1576 1172 1635 bene

205 1659 264 1719 iarn
291 1659 431 1734 purgavit
450 1659 596 1731 animum,
618 1665 651 1717 ut
672 1656 744 1717 nihil
766 1656 928 1720 obturbare
947 1674 1019 1718 eum
1041 1660 1171 1734 amplius

207 1744 347 1816 possitae
360 1744 478 1815 lbltere,
491 1743 530 1801 ad
537 1742 737 1802 innocentiam
745 1748 842 1801 tamen
853 1743 1009 1816 peccando
1024 1743 1171 1815 pervenit.

167 1835 189 1886 ·1
287 1827 352 1884 Vll.
376 1826 522 1899 Quoniam
546 1827 672 1884 deorum
689 1825 746 1884 ieci
765 1826 962 1898 mentionem,
982 1827 1098 1900 optime
1114 1826 1171 1887 hoc

205 1909 376 1982 exemplum
392 1909 519 1984 principi
535 1909 728 1982 constituam,
751 1909 790 1968 ad
808 1909 891 1984 quod
909 1911 1068 1982 formetur,
1091 1917 1125 1970 ut
1139 1924 1172 1969 se

204 1992 295 2052 talem
311 2007 382 2052 esse
397 1992 514 2052 civibus
530 1994 636 2065 quales
651 1992 708 2051 sibi
729 1993 806 2052 deos
826 1993 905 2053 velit.
948 1993 1084 2068 Expedit
1098 2009 1169 2068 ergo

205 2076 320 2136 habere
346 2076 545 2136 inexorabilia
570 2076 704 2148 peccatis
728 2084 821 2151 atque
844 2075 1000 2137 erroribus
1027 2077 1171 2136 numinal

205 2160 331 2235 expedit
343 2175 443 2234 usque
458 2160 495 2219 ad
511 2159 644 2219 ultimam
659 2160 768 2219 infesta
783 2161 967 2234 perniciem?
987 2167 1017 2218 et
1039 2161 1110 2236 quis
1125 2177 1170 2221 re·

205 2260 276 2319 gum
291 2245 349 2304 erit
365 2251 463 2317 tutus,
487 2243 573 2302 cuius
588 2258 649 2302 non
664 2243 799 2304 membra
812 2243 993 2318 haruspices
1009 2245 1171 2319 colligenti

171 2333 190 2387 a
206 2328 293 2401 Quod
308 2328 334 2387 si
350 2327 381 2388 di
397 2327 562 2403 placabiles
577 2333 608 2388 et
622 2328 712 2402 aequi
726 2327 836 2388 delicta
850 2328 1017 2402 potentium
1032 2344 1094 2388 non
1111 2335 1170 2390 sta·

203 2413 256 2472 tim
273 2412 447 2473 fulminibus
464 2417 703 2487 persequuntur,
727 2419 840 2484 quanto
859 2413 988 2486 aequius
1008 2420 1057 2473 est
1076 2412 1171 2472 homi·

204 2512 274 2554 nem
293 2496 464 2556 hominibus
486 2494 694 2570 praepositum
714 2494 775 2553 miti
797 2493 896 2555 animo
912 2510 1058 2556 exercere
1076 2496 1171 2571 impe-

203 2580 281 2639 rinm
296 2586 326 2639 et
340 2581 489 2654 cogitare,
512 2585 612 2638 utrum
627 2579 731 2638 mundi
746 2585 842 2638 status
862 2579 976 2652 gratior
992 2580 1089 2640 oculis
1105 2582 1170 2654 pul-

205 2662 367 2738 chriorque
381 2664 420 2724 sit
434 2678 544 2722 sereno
560 2670 590 2724 et
604 2679 680 2737 puro
696 2662 744 2722 die
759 2678 797 2721 an
812 2678 903 2737 quum
920 2662 1093 2736 fragoribus
1108 2678 1168 2724 ore·

203 2745 267 2805 bris
283 2747 383 2806 omnia
399 2747 573 2821 quatiuntur
592 2753 623 2805 et
642 2747 728 2819 ignes
749 2745 819 2806 hinc
833 2752 925 2819 atque
944 2746 1025 2805 illinc
1041 2747 1170 2806 micanti

204 2830 286 2903 atqui
301 2846 363 2889 non
379 2829 438 2890 alia
458 2830 552 2889 iacies
574 2835 622 2889 est
639 2830 731 2903 quieti
751 2829 919 2903 moratique
938 2829 1058 2904 imperii
1080 2847 1170 2905 quam

171 2914 305 2978 osorem
321 2915 398 2975 coeli
412 2920 442 2973 et
456 2913 587 2974 nitentis.
631 2912 759 2973 Crudele
772 2929 899 2988 regnum
919 2913 1071 2974 turbidum
1088 2921 1169 2974 tene-

204 2996 331 3072 brisque
348 2998 512 3058 obscurum
527 3004 588 3070 est,
605 2996 684 3057 inter
697 3004 859 3058 trementes
875 3004 905 3057 et
924 2996 963 3056 ad
978 2996 1169 3072 repentinum

204 3081 335 3142 sonitum
350 3089 592 3156 expavescentes
613 3096 652 3139 ne
673 3096 709 3141 eo
732 3080 854 3155 quidem
870 3080 921 3155 qui
936 3081 1040 3140 omnia
1054 3089 1169 3155 pertur-

202 3163 254 3223 bat
267 3165 463 3227 inconcusso.
497 3163 629 3224 Facilius
645 3164 770 3240 privatis
787 3164 956 3238 ignoscitur
976 3164 1170 3239 pertinaciter

203 3262 238 3306 se
252 3249 485 3310 vindicantibus.
506 3256 638 3323 possunt
652 3247 730 3308 enim
746 3248 825 3308 laedi
842 3248 991 3323 dolorque
1011 3262 1117 3309 eorum
1133 3247 1170 3307 ab

202 3329 312 3390 iniuria
325 3334 416 3393 venit.
444 3333 549 3392 timent
569 3339 728 3406 praeterea
747 3337 968 3406 contemptum,
990 3338 1021 3392 et
1040 3348 1103 3392 non
1124 3346 1170 3390 re·

202 3413 310 3473 tulisse
328 3416 519 3476 laedentibus
539 3416 666 3490 gratiam
684 3413 842 3475 infirmitas
866 3414 1000 3489 videtur,
1026 3431 1088 3474 non
1112 3414 1170 3475 cle·

202 3497 328 3557 mentia=
350 3505 381 3558 at
402 3500 451 3558 cui
471 3499 543 3559 ultio
565 3500 594 3559 in
621 3498 701 3558 taciti
722 3505 783 3573 est,
804 3499 831 3558 is
853 3499 969 3559 omissa
995 3514 1033 3558 ea
1058 3505 1168 3559 certam
