2438 3968
127 267 181 326 hu
193 265 391 330 POLYBIUM
401 268 452 328 DE
464 267 763 328 CONSOLATIONE·
785 277 810 330 9.
822 279 864 330 10.
881 274 949 342 [ιιι]
973 268 1035 332 227

65 429 130 478 mas
146 419 235 478 beato
249 419 357 493 recipit
371 417 454 490 sinu,
469 425 499 478 et
510 432 591 477 nunc
603 416 664 476 illic
675 418 769 477 libera
782 426 908 493 vagatur
920 418 1034 482 omnia-

65 517 125 576 que
142 518 243 561 rerum
258 510 383 562 naturae
398 503 479 562 hona
495 518 562 561 curn
578 517 696 560 summa
712 502 865 576 voluptate
877 503 1033 578 perspicit.

64 601 164 646 erras:
192 603 253 646 non
274 585 405 661 perdidit
425 588 522 645 luceru
543 587 634 645 frater
654 593 739 656 tuus,
767 585 823 646 sed
845 584 1031 647 securiorem

64 670 189 730 sortitus
205 678 261 730 est.
299 669 444 730 Omnibus
460 671 510 728 illo
525 669 613 728 nobis
630 685 789 729 commune
805 677 853 730 est
866 669 936 728 iter:
961 671 1062 744 quid9

64 754 126 813 lata
152 753 322 815 deflemus-t
360 770 422 813 non
451 754 572 827 reliquit
595 753 645 812 ille
672 769 743 826 nos,
778 754 834 813 sed
860 754 1033 814 antecessit,

64 839 131 917 [ab]
158 838 229 911 Est,
251 837 450 910 mihicrede,
472 853 581 911 magna
601 836 730 898 felicitas
751 837 781 896 in
802 838 870 911 ipsa
892 838 1033 900 felicitate

63 922 220 983 moriendi.
256 921 329 981 nihil
349 937 387 982 ne
404 920 435 979 in
453 928 547 980 toturn
566 921 688 994 quidem
700 921 779 980 diem
792 921 865 981 certi
881 928 942 982 est=
963 921 1033 995 quis

62 1006 91 1065 in
109 1013 167 1066 tarn
182 1006 314 1066 obscura
328 1012 358 1065 et
372 1005 505 1064 involuta
519 1005 642 1065 veritate
655 1005 782 1078 divinat,
801 1011 940 1064 utrumne
951 1005 1033 1066 fratri

64 1099 113 1149 tuo
130 1106 212 1149 rnors
230 1089 372 1149 inviderit
386 1104 423 1147 an
439 1090 645 1148 consuluerit?

124 1174 159 1232 X.
188 1174 288 1232 lllud
318 1189 488 1248 quoque,
518 1173 706 1247 qualustitia
728 1173 756 1232 in
780 1173 919 1232 omnibus
942 1172 1061 1233 rebusl

62 1272 111 1328 es,
133 1272 296 1316 necesse
317 1264 377 1316 est
398 1263 433 1315 te
455 1256 613 1316 adiuvet
634 1257 869 1331 cogitantem
889 1257 1031 1316 nonin·

62 1341 197 1400 iuriam
225 1341 294 1401 tibi
320 1342 475 1412 factam,
502 1340 601 1414 quod
624 1341 738 1401 talem
762 1341 920 1400 fratrem
942 1339 1032 1398 arni·

62 1424 167 1496 sisti,
190 1424 503 1485 sedbeneficium
520 1425 662 1496 datum,
686 1423 1032 1499 quodtamdiutibi

62 1509 209 1582 pietate
231 1509 314 1568 eius
336 1509 389 1567 uti
412 1507 567 1581 fruique
588 1508 711 1567 licuit.
755 1507 881 1581 iniquus
897 1514 958 1579 est,
980 1507 1060 1581 qula

62 1592 196 1652 muneris
209 1592 257 1651 sui
270 1592 424 1650 arbitrium
436 1592 518 1650 danti
529 1608 589 1651 non
601 1591 753 1666 relinquit,
768 1590 891 1663 aviduS,
908 1591 1031 1665 quinon

61 1677 138 1735 lucri
152 1677 221 1736 loco
233 1675 339 1749 habet,
356 1676 439 1750 quod
456 1676 581 1748 accepit,
598 1676 654 1735 sed
669 1676 778 1747 damni,
796 1675 879 1749 quod
890 1674 1031 1734 reddidit.

60 1762 196 1834 ingratus
212 1767 273 1830 est,
290 1761 342 1833 qui
357 1757 493 1819 iniuriam
511 1766 599 1819 vocat
613 1759 704 1819 finem
717 1759 895 1832 voluptatis,
912 1761 1030 1831 stultus,

63 1843 114 1919 qui
129 1845 242 1904 nullum
258 1843 386 1904 fructum
404 1858 474 1903 esse
489 1843 733 1917 putatbonorum
746 1843 804 1903 nisi
817 1844 1031 1916 praesentium,

62 1927 113 2002 qui
130 1943 191 1986 non
206 1934 236 1987 ει
251 1927 280 1985 in
297 1926 466 2001 praeteritis
484 1927 655 2001 adquiescit
670 1934 699 1986 et
713 1943 749 1986 ea
765 1927 877 1986 iudicat
891 1927 1029 1999 certiora,

61 2026 141 2085 quae
162 2010 315 2084 abierunt,
340 2013 411 2087 quia
432 2011 470 2070 de
491 2011 549 2072 illis
571 2027 609 2069 ne
631 2011 772 2072 desinant
787 2027 847 2070 non
863 2019 910 2070 est
924 2012 1028 2071 timen-

61 2095 142 2155 dum.
183 2095 276 2154 Nimis
298 2103 438 2170 angustat
457 2095 568 2168 gaudia
590 2111 661 2169 sua,
683 2096 734 2170 qui
754 2097 799 2154 eis
813 2094 1059 2165 tantummodqe

62 2195 141 2254 quae
154 2179 244 2240 habet
259 2195 295 2238 oc
308 2180 405 2251 videt,
422 2179 480 2239 frui
495 2195 529 2238 se
544 2188 629 2254 putat
645 2186 675 2239 et
688 2179 834 2239 habuisse
850 2179 957 2237 eadem
974 2193 1029 2251 pro

62 2262 153 2322 nihilo
172 2264 262 2322 ducit.
284 2264 342 2324 cito
354 2263 501 2323 animnos
515 2264 613 2323 omnis
625 2265 766 2338 voluptas
778 2261 935 2336 relinquit,
951 2277 1030 2335 quae

60 2346 128 2406 fluit
141 2353 171 2404 ει
184 2348 292 2407 transit
307 2355 337 2407 et
351 2362 450 2422 paene
465 2354 626 2421 antequam
642 2345 742 2406 veniat
757 2348 899 2406 aufertur.
927 2345 1030 2418 itaque

59 2431 89 2489 in
112 2431 304 2503 praeteritum
323 2438 443 2504 ternpus
465 2432 582 2491 animus
599 2429 761 2490 mittendus
778 2439 825 2490 est
839 2436 869 2489 et
883 2426 1029 2503 quicquid

60 2529 119 2573 nos
144 2528 284 2586 umquam
306 2513 481 2587 delectavit,
502 2515 709 2574 reducendum
727 2528 763 2572 ac
780 2512 929 2586 frequenti
947 2511 1027 2586 cogi·

59 2596 174 2658 tatione
197 2598 441 2670 pertractandum
463 2607 518 2658 est.
553 2597 688 2671 Longior
709 2596 890 2670 fideliorque
905 2603 953 2655 est
966 2610 1028 2654 rne-

59 2681 156 2742 moria
172 2681 375 2753 voluptatum,
398 2697 487 2755 quarn
500 2682 681 2754 praesentia.
715 2681 801 2754 Quod
813 2678 944 2739 habuisti
956 2685 1058 2754 ergol

59 2765 206 2840 optimum
228 2765 365 2838 fratrem,
388 2764 416 2823 in
433 2765 559 2824 summis
575 2765 662 2824 bonis
678 2779 767 2839 pone.
800 2763 866 2823 Non
882 2763 1027 2838 estquod

59 2851 190 2924 cogites,
221 2855 333 2922 quanto
359 2849 469 2908 diutius
490 2848 603 2908 habere
626 2849 776 2923 potueris,
805 2848 862 2907 sed
885 2846 1028 2922 quamdiu

58 2933 213 2992 habueris.
249 2933 361 2992 Rerum
380 2940 487 2992 natura
502 2931 583 2991 illurn
598 2932 650 2992 tibi
668 2933 746 2992 sicut
761 2930 871 2991 ceteris
886 2931 1027 2990 fratribus

58 3017 125 3078 suis
146 3032 207 3077 non
228 3015 380 3090 mancipio
403 3015 499 3087 dedit,
524 3017 579 3075 sed
600 3016 817 3076 commodanda
844 3030 913 3074 cunr
929 3014 1027 3074 visum

58 3109 108 3161 est
122 3099 247 3173 deinde,
270 3098 391 3174 repetiit
402 3113 459 3157 nec
474 3107 555 3159 tuarn
570 3099 599 3157 ln
614 3115 650 3160 eo
667 3099 834 3159 satietatem
850 3106 955 3158 secuta
971 3103 1026 3171 est,

57 3184 115 3244 sed
131 3200 217 3244 suam
231 3185 339 3257 legem.
376 3182 492 3257 Siquis
512 3183 671 3256 pecuniam
689 3184 831 3242 creditam
850 3182 1053 3243 solvissesee

56 3269 186 3330 moleste
200 3268 290 3337 ferat,
307 3283 374 3326 earn
391 3265 582 3342 praesertim,
598 3268 685 3327 cuius
700 3283 789 3326 usum
804 3266 964 3340 gratuitum
976 3281 1025 3325 ac·

56 3352 187 3428 ceperit,
206 3368 307 3413 nonne
321 3351 452 3411 iniustus
467 3350 513 3409 vir
528 3350 693 3411 habeatur?
717 3349 808 3411 Dedit
821 3358 929 3411 natura
944 3348 1026 3409 fratri

55 3446 109 3500 tuo
125 3437 230 3507 vitam,
247 3436 331 3495 dedit
344 3443 374 3496 et
387 3434 455 3495 tibi:
479 3449 558 3509 quae
573 3450 629 3493 suo
646 3434 710 3494 lure
725 3451 796 3508 usa,
818 3451 909 3509 aquo
921 3434 1025 3506 voluit,

54 3519 189 3582 debitum
211 3536 300 3580 suurn
316 3520 404 3581 citius
419 3518 528 3594 exegit.
564 3533 624 3579 non
638 3519 689 3579 illa
703 3518 733 3578 in
749 3520 840 3593 culpa
853 3527 914 3592 est,
937 3516 1025 3579 cuius

808 3605 862 3665 lb*
