<?xml version="1.0" encoding="UTF-8"?>
<!DOCTYPE html PUBLIC "-//W3C//DTD XHTML 1.0 Transitional//EN"
    "http://www.w3.org/TR/xhtml1/DTD/xhtml1-transitional.dtd">
<html xmlns="http://www.w3.org/1999/xhtml" xml:lang="en" lang="en">
 <head>
  <title>
</title>
<meta http-equiv="Content-Type" content="text/html;charset=utf-8" />
  <meta name='ocr-system' content='tesseract 3.04.00' />
  <meta name='ocr-capabilities' content='ocr_page ocr_carea ocr_par ocr_line ocrx_word'/>
</head>
<body>
  <div class='ocr_page' id='page_1' title='image "./lannaeisenecaeo05senegoog_0189.png"; bbox 0 0 2438 3968; ppageno 0'>
   <div class='ocr_carea' id='block_1_1' title="bbox 174 253 949 321">
    <p class='ocr_par' dir='ltr' id='par_1_1' title="bbox 174 253 949 321">
     <span class='ocr_line' id='line_1_1' title="bbox 174 253 949 321; baseline 0.003 -4"><span class='ocrx_word' id='word_1_1' title='bbox 174 253 235 317; x_wconf 79' lang='lat'><strong>174</strong></span> <span class='ocrx_word' id='word_1_2' title='bbox 359 257 393 315; x_wconf 82' lang='lat' dir='ltr'><strong>L.</strong></span> <span class='ocrx_word' id='word_1_3' title='bbox 415 257 562 318; x_wconf 80' lang='lat' dir='ltr'><strong>ANNAEI</strong></span> <span class='ocrx_word' id='word_1_4' title='bbox 580 258 755 320; x_wconf 84' lang='lat' dir='ltr'><strong>SENECAE</strong></span> <span class='ocrx_word' id='word_1_5' title='bbox 776 260 877 321; x_wconf 73' lang='lat' dir='ltr'><strong>ulau.</strong></span> <span class='ocrx_word' id='word_1_6' title='bbox 899 261 949 320; x_wconf 85' lang='lat' dir='ltr'><strong>IX.</strong></span> 
     </span>
    </p>
   </div>
   <div class='ocr_carea' id='block_1_2' title="bbox 135 409 1154 3505">
    <p class='ocr_par' dir='ltr' id='par_1_2' title="bbox 173 409 1152 654">
     <span class='ocr_line' id='line_1_2' title="bbox 174 409 1152 487; baseline 0.004 -18"><span class='ocrx_word' id='word_1_7' title='bbox 174 409 213 471; x_wconf 89' lang='lat' dir='ltr'><strong>de</strong></span> <span class='ocrx_word' id='word_1_8' title='bbox 235 426 298 485; x_wconf 90' lang='lat' dir='ltr'><strong>quo</strong></span> <span class='ocrx_word' id='word_1_9' title='bbox 321 426 443 484; x_wconf 88' lang='lat' dir='ltr'><strong>queror,</strong></span> <span class='ocrx_word' id='word_1_10' title='bbox 468 410 646 487; x_wconf 81' lang='lat' dir='ltr'>exprimam,</span> <span class='ocrx_word' id='word_1_11' title='bbox 667 427 729 472; x_wconf 92' lang='lat' dir='ltr'><strong>non</strong></span> <span class='ocrx_word' id='word_1_12' title='bbox 750 419 931 487; x_wconf 73' lang='lat' dir='ltr'><strong>tempestate</strong></span> <span class='ocrx_word' id='word_1_13' title='bbox 951 426 1061 486; x_wconf 86' lang='lat' dir='ltr'><strong>vexor,</strong></span> <span class='ocrx_word' id='word_1_14' title='bbox 1091 413 1152 473; x_wconf 90' lang='lat' dir='ltr'><strong>sed</strong></span> 
     </span>
     <span class='ocr_line' id='line_1_3' title="bbox 174 494 1151 571; baseline 0.002 -18"><span class='ocrx_word' id='word_1_15' title='bbox 174 495 301 555; x_wconf 84' lang='lat' dir='ltr'><strong>nausia=</strong></span> <span class='ocrx_word' id='word_1_16' title='bbox 323 495 449 555; x_wconf 87' lang='lat' dir='ltr'><strong>detrahe</strong></span> <span class='ocrx_word' id='word_1_17' title='bbox 463 511 546 570; x_wconf 87' lang='lat' dir='ltr'><strong>ergo,</strong></span> <span class='ocrx_word' id='word_1_18' title='bbox 562 494 709 571; x_wconf 89' lang='lat' dir='ltr'><strong>quicquid</strong></span> <span class='ocrx_word' id='word_1_19' title='bbox 723 495 783 556; x_wconf 89' lang='lat' dir='ltr'><strong>hoc</strong></span> <span class='ocrx_word' id='word_1_20' title='bbox 800 504 848 556; x_wconf 86' lang='lat' dir='ltr'><strong>est</strong></span> <span class='ocrx_word' id='word_1_21' title='bbox 861 496 941 571; x_wconf 90' lang='lat' dir='ltr'><strong>mali,</strong></span> <span class='ocrx_word' id='word_1_22' title='bbox 958 502 989 556; x_wconf 89' lang='lat' dir='ltr'><strong>el</strong></span> <span class='ocrx_word' id='word_1_23' title='bbox 1003 511 1151 557; x_wconf 90' lang='lat' dir='ltr'><strong>succurre</strong></span> 
     </span>
     <span class='ocr_line' id='line_1_4' title="bbox 173 579 722 654; baseline 0 -16"><span class='ocrx_word' id='word_1_24' title='bbox 173 579 204 638; x_wconf 92' lang='lat' dir='ltr'><strong>in</strong></span> <span class='ocrx_word' id='word_1_25' title='bbox 219 587 390 654; x_wconf 89' lang='lat' dir='ltr'><strong>conspectu</strong></span> <span class='ocrx_word' id='word_1_26' title='bbox 403 587 549 639; x_wconf 87' lang='lat' dir='ltr'><strong>terrarum</strong></span> <span class='ocrx_word' id='word_1_27' title='bbox 564 579 722 640; x_wconf 86' lang='lat' dir='ltr'><strong>laboranti.</strong></span> 
     </span>
    </p>

    <p class='ocr_par' dir='ltr' id='par_1_3' title="bbox 145 662 1151 1158">
     <span class='ocr_line' id='line_1_5' title="bbox 145 662 1150 737; baseline -0.004 -11"><span class='ocrx_word' id='word_1_28' title='bbox 145 675 160 726; x_wconf 96' lang='lat'>1</span> <span class='ocrx_word' id='word_1_29' title='bbox 235 663 272 722; x_wconf 88' lang='grc' dir='ltr'><strong>ΙΙ.</strong></span> <span class='ocrx_word' id='word_1_30' title='bbox 295 668 442 736; x_wconf 67' lang='lat' dir='ltr'><strong>[seneca]</strong></span> <span class='ocrx_word' id='word_1_31' title='bbox 475 663 594 737; x_wconf 83' lang='lat' dir='ltr'><strong>Quaero</strong></span> <span class='ocrx_word' id='word_1_32' title='bbox 615 664 807 731; x_wconf 81' lang='lat' dir='ltr'><strong>mehercules</strong></span> <span class='ocrx_word' id='word_1_33' title='bbox 825 663 885 722; x_wconf 87' lang='lat' dir='ltr'><strong>iam</strong></span> <span class='ocrx_word' id='word_1_34' title='bbox 907 662 1037 735; x_wconf 89' lang='lat' dir='ltr'><strong>dudum,</strong></span> <span class='ocrx_word' id='word_1_35' title='bbox 1060 662 1150 724; x_wconf 89' lang='lat' dir='ltr'><strong>Scre-</strong></span> 
     </span>
     <span class='ocr_line' id='line_1_6' title="bbox 174 745 1148 822; baseline 0.001 -17"><span class='ocrx_word' id='word_1_36' title='bbox 174 762 221 821; x_wconf 87' lang='lat' dir='ltr'><strong>ne,</strong></span> <span class='ocrx_word' id='word_1_37' title='bbox 239 746 307 822; x_wconf 91' lang='lat' dir='ltr'><strong>ipse</strong></span> <span class='ocrx_word' id='word_1_38' title='bbox 321 747 441 820; x_wconf 89' lang='lat' dir='ltr'><strong>tacitus,</strong></span> <span class='ocrx_word' id='word_1_39' title='bbox 457 746 506 807; x_wconf 88' lang='lat' dir='ltr'><strong>cui</strong></span> <span class='ocrx_word' id='word_1_40' title='bbox 519 748 609 808; x_wconf 86' lang='lat' dir='ltr'><strong>talem</strong></span> <span class='ocrx_word' id='word_1_41' title='bbox 623 748 775 808; x_wconf 90' lang='lat' dir='ltr'><strong>adlectum</strong></span> <span class='ocrx_word' id='word_1_42' title='bbox 784 746 876 807; x_wconf 89' lang='lat' dir='ltr'><strong>animi</strong></span> <span class='ocrx_word' id='word_1_43' title='bbox 890 745 1019 807; x_wconf 86' lang='lat' dir='ltr'><strong>similem</strong></span> <span class='ocrx_word' id='word_1_44' title='bbox 1035 754 1148 822; x_wconf 89' lang='lat' dir='ltr'><strong>putem,</strong></span> 
     </span>
     <span class='ocr_line' id='line_1_7' title="bbox 172 831 1151 906; baseline 0.001 -17"><span class='ocrx_word' id='word_1_45' title='bbox 172 846 230 891; x_wconf 91' lang='lat' dir='ltr'><strong>nec</strong></span> <span class='ocrx_word' id='word_1_46' title='bbox 243 831 297 892; x_wconf 91' lang='lat' dir='ltr'><strong>ulli</strong></span> <span class='ocrx_word' id='word_1_47' title='bbox 318 831 448 906; x_wconf 89' lang='lat' dir='ltr'><strong>propius</strong></span> <span class='ocrx_word' id='word_1_48' title='bbox 470 831 655 892; x_wconf 83' lang='lat' dir='ltr'><strong>admoverim</strong></span> <span class='ocrx_word' id='word_1_49' title='bbox 676 832 817 906; x_wconf 86' lang='lat' dir='ltr'><strong>exemplo</strong></span> <span class='ocrx_word' id='word_1_50' title='bbox 839 846 931 906; x_wconf 87' lang='lat' dir='ltr'><strong>quam</strong></span> <span class='ocrx_word' id='word_1_51' title='bbox 952 845 1074 905; x_wconf 89' lang='lat' dir='ltr'><strong>eorum,</strong></span> <span class='ocrx_word' id='word_1_52' title='bbox 1098 832 1151 906; x_wconf 90' lang='lat' dir='ltr'><strong>qui</strong></span> 
     </span>
     <span class='ocr_line' id='line_1_8' title="bbox 172 914 1149 990; baseline 0.002 -17"><span class='ocrx_word' id='word_1_53' title='bbox 172 930 212 974; x_wconf 87' lang='lat' dir='ltr'><strong>ex</strong></span> <span class='ocrx_word' id='word_1_54' title='bbox 226 916 320 990; x_wconf 87' lang='lat' dir='ltr'><strong>longa</strong></span> <span class='ocrx_word' id='word_1_55' title='bbox 334 921 365 975; x_wconf 89' lang='lat' dir='ltr'><strong>et</strong></span> <span class='ocrx_word' id='word_1_56' title='bbox 376 915 464 989; x_wconf 87' lang='lat' dir='ltr'><strong>gravi</strong></span> <span class='ocrx_word' id='word_1_57' title='bbox 476 915 641 975; x_wconf 89' lang='lat' dir='ltr'><strong>valitudine</strong></span> <span class='ocrx_word' id='word_1_58' title='bbox 655 914 790 989; x_wconf 82' lang='lat' dir='ltr'><strong>expliciti</strong></span> <span class='ocrx_word' id='word_1_59' title='bbox 804 914 999 975; x_wconf 75' lang='lat' dir='ltr'><strong>motiunculis</strong></span> <span class='ocrx_word' id='word_1_60' title='bbox 1014 914 1149 975; x_wconf 90' lang='lat' dir='ltr'><strong>levibus-</strong></span> 
     </span>
     <span class='ocr_line' id='line_1_9' title="bbox 173 997 1149 1074; baseline -0.002 -15"><span class='ocrx_word' id='word_1_61' title='bbox 173 1014 234 1074; x_wconf 87' lang='lat' dir='ltr'><strong>que</strong></span> <span class='ocrx_word' id='word_1_62' title='bbox 247 999 366 1059; x_wconf 88' lang='lat' dir='ltr'><strong>interim</strong></span> <span class='ocrx_word' id='word_1_63' title='bbox 380 997 509 1060; x_wconf 79' lang='lat' dir='ltr'><strong>offensis</strong></span> <span class='ocrx_word' id='word_1_64' title='bbox 524 998 767 1074; x_wconf 86' lang='lat' dir='ltr'><strong>perstringuntur</strong></span> <span class='ocrx_word' id='word_1_65' title='bbox 783 1005 815 1060; x_wconf 92' lang='lat' dir='ltr'><strong>et</strong></span> <span class='ocrx_word' id='word_1_66' title='bbox 828 1013 897 1058; x_wconf 89' lang='lat' dir='ltr'><strong>cum</strong></span> <span class='ocrx_word' id='word_1_67' title='bbox 910 997 1058 1074; x_wconf 87' lang='lat' dir='ltr'><strong>reliquias</strong></span> <span class='ocrx_word' id='word_1_68' title='bbox 1073 997 1149 1057; x_wconf 89' lang='lat' dir='ltr'><strong>effu-</strong></span> 
     </span>
     <span class='ocr_line' id='line_1_10' title="bbox 173 1081 1150 1158; baseline -0.001 -17"><span class='ocrx_word' id='word_1_69' title='bbox 173 1089 291 1157; x_wconf 84' lang='lat' dir='ltr'><strong>gerunt,</strong></span> <span class='ocrx_word' id='word_1_70' title='bbox 312 1081 539 1158; x_wconf 90' lang='lat' dir='ltr'><strong>suspicionibus</strong></span> <span class='ocrx_word' id='word_1_71' title='bbox 552 1089 652 1142; x_wconf 89' lang='lat' dir='ltr'><strong>tamen</strong></span> <span class='ocrx_word' id='word_1_72' title='bbox 666 1083 872 1158; x_wconf 88' lang='lat' dir='ltr'><strong>inquietantur</strong></span> <span class='ocrx_word' id='word_1_73' title='bbox 883 1081 1076 1158; x_wconf 88' lang='lat' dir='ltr'><strong>medicisque</strong></span> <span class='ocrx_word' id='word_1_74' title='bbox 1091 1083 1150 1141; x_wconf 87' lang='lat' dir='ltr'><strong>iam</strong></span> 
     </span>
    </p>

    <p class='ocr_par' dir='ltr' id='par_1_4' title="bbox 145 1164 1150 1494">
     <span class='ocr_line' id='line_1_11' title="bbox 145 1164 1150 1243; baseline -0.001 -18"><span class='ocrx_word' id='word_1_75' title='bbox 145 1239 147 1243; x_wconf 11' lang='lat' dir='ltr'>y</span> <span class='ocrx_word' id='word_1_76' title='bbox 174 1167 241 1225; x_wconf 89' lang='lat' dir='ltr'><strong>sani</strong></span> <span class='ocrx_word' id='word_1_77' title='bbox 261 1182 384 1226; x_wconf 88' lang='lat' dir='ltr'><strong>manum</strong></span> <span class='ocrx_word' id='word_1_78' title='bbox 404 1167 563 1242; x_wconf 88' lang='lat' dir='ltr'><strong>porrigunt</strong></span> <span class='ocrx_word' id='word_1_79' title='bbox 589 1173 619 1227; x_wconf 88' lang='lat' dir='ltr'><strong>et</strong></span> <span class='ocrx_word' id='word_1_80' title='bbox 639 1181 758 1225; x_wconf 88' lang='lat' dir='ltr'><strong>omnem</strong></span> <span class='ocrx_word' id='word_1_81' title='bbox 778 1167 910 1226; x_wconf 71' lang='lat' dir='ltr'><strong>emonem</strong></span> <span class='ocrx_word' id='word_1_82' title='bbox 932 1164 1075 1242; x_wconf 88' lang='lat' dir='ltr'><strong>corporis</strong></span> <span class='ocrx_word' id='word_1_83' title='bbox 1102 1166 1150 1225; x_wconf 92' lang='lat' dir='ltr'><strong>sui</strong></span> 
     </span>
     <span class='ocr_line' id='line_1_12' title="bbox 174 1249 1148 1325; baseline -0.003 -15"><span class='ocrx_word' id='word_1_84' title='bbox 174 1250 400 1312; x_wconf 86' lang='lat' dir='ltr'><strong>calumniantur.</strong></span> <span class='ocrx_word' id='word_1_85' title='bbox 428 1250 547 1325; x_wconf 89' lang='lat' dir='ltr'><strong>horum,</strong></span> <span class='ocrx_word' id='word_1_86' title='bbox 563 1249 687 1325; x_wconf 88' lang='lat' dir='ltr'><strong>Serene,</strong></span> <span class='ocrx_word' id='word_1_87' title='bbox 701 1267 763 1311; x_wconf 91' lang='lat' dir='ltr'><strong>non</strong></span> <span class='ocrx_word' id='word_1_88' title='bbox 777 1265 884 1325; x_wconf 88' lang='lat' dir='ltr'><strong>parum</strong></span> <span class='ocrx_word' id='word_1_89' title='bbox 897 1265 1005 1309; x_wconf 89' lang='lat' dir='ltr'><strong>sanum</strong></span> <span class='ocrx_word' id='word_1_90' title='bbox 1020 1256 1068 1310; x_wconf 89' lang='lat' dir='ltr'><strong>est</strong></span> <span class='ocrx_word' id='word_1_91' title='bbox 1083 1265 1148 1310; x_wconf 91' lang='lat' dir='ltr'><strong>cor-</strong></span> 
     </span>
     <span class='ocr_line' id='line_1_13' title="bbox 174 1332 1150 1410; baseline -0.002 -16"><span class='ocrx_word' id='word_1_92' title='bbox 174 1350 243 1409; x_wconf 90' lang='lat' dir='ltr'><strong>pus,</strong></span> <span class='ocrx_word' id='word_1_93' title='bbox 258 1334 315 1395; x_wconf 90' lang='lat' dir='ltr'><strong>sed</strong></span> <span class='ocrx_word' id='word_1_94' title='bbox 328 1333 449 1396; x_wconf 88' lang='lat' dir='ltr'><strong>sanitati</strong></span> <span class='ocrx_word' id='word_1_95' title='bbox 461 1351 568 1410; x_wconf 86' lang='lat' dir='ltr'><strong>pamm</strong></span> <span class='ocrx_word' id='word_1_96' title='bbox 581 1334 738 1395; x_wconf 72' lang='lat' dir='ltr'><strong>adsuevit:</strong></span> <span class='ocrx_word' id='word_1_97' title='bbox 753 1335 833 1395; x_wconf 90' lang='lat' dir='ltr'><strong>sicut</strong></span> <span class='ocrx_word' id='word_1_98' title='bbox 843 1343 892 1392; x_wconf 88' lang='lat' dir='ltr'><strong>est</strong></span> <span class='ocrx_word' id='word_1_99' title='bbox 902 1332 1025 1408; x_wconf 88' lang='lat' dir='ltr'><strong>quidam</strong></span> <span class='ocrx_word' id='word_1_100' title='bbox 1036 1342 1150 1394; x_wconf 88' lang='lat' dir='ltr'><strong>tremor</strong></span> 
     </span>
     <span class='ocr_line' id='line_1_14' title="bbox 173 1418 1150 1494; baseline -0.001 -16"><span class='ocrx_word' id='word_1_101' title='bbox 173 1418 264 1480; x_wconf 89' lang='lat' dir='ltr'><strong>etiarn</strong></span> <span class='ocrx_word' id='word_1_102' title='bbox 278 1418 431 1494; x_wconf 88' lang='lat' dir='ltr'><strong>tranquilli</strong></span> <span class='ocrx_word' id='word_1_103' title='bbox 444 1418 545 1490; x_wconf 73' lang='lat' dir='ltr'><strong>maris</strong></span> <span class='ocrx_word' id='word_1_104' title='bbox 566 1423 672 1492; x_wconf 84' lang='lat' dir='ltr'><strong>ulique</strong></span> <span class='ocrx_word' id='word_1_105' title='bbox 688 1419 809 1492; x_wconf 69' lang='lat' dir='ltr'><strong>[lacus]</strong></span> <span class='ocrx_word' id='word_1_106' title='bbox 826 1433 893 1477; x_wconf 89' lang='lat' dir='ltr'><strong>cum</strong></span> <span class='ocrx_word' id='word_1_107' title='bbox 907 1432 945 1476; x_wconf 88' lang='lat' dir='ltr'><strong>ex</strong></span> <span class='ocrx_word' id='word_1_108' title='bbox 967 1423 1150 1493; x_wconf 88' lang='lat' dir='ltr'><strong>tempestate</strong></span> 
     </span>
    </p>

    <p class='ocr_par' dir='ltr' id='par_1_5' title="bbox 142 1500 1152 1912">
     <span class='ocr_line' id='line_1_15' title="bbox 142 1500 1149 1578; baseline -0.007 -12"><span class='ocrx_word' id='word_1_109' title='bbox 142 1503 331 1576; x_wconf 75' lang='lat' dir='ltr'><strong>araqulevit.</strong></span> <span class='ocrx_word' id='word_1_110' title='bbox 349 1502 434 1578; x_wconf 90' lang='lat' dir='ltr'><strong>Opus</strong></span> <span class='ocrx_word' id='word_1_111' title='bbox 447 1510 495 1563; x_wconf 89' lang='lat' dir='ltr'><strong>est</strong></span> <span class='ocrx_word' id='word_1_112' title='bbox 507 1503 611 1577; x_wconf 90' lang='lat' dir='ltr'><strong>itaque</strong></span> <span class='ocrx_word' id='word_1_113' title='bbox 621 1519 682 1562; x_wconf 92' lang='lat' dir='ltr'><strong>non</strong></span> <span class='ocrx_word' id='word_1_114' title='bbox 698 1502 757 1563; x_wconf 87' lang='lat' dir='ltr'><strong>illis</strong></span> <span class='ocrx_word' id='word_1_115' title='bbox 769 1500 951 1574; x_wconf 88' lang='lat' dir='ltr'><strong>durioribus,</strong></span> <span class='ocrx_word' id='word_1_116' title='bbox 968 1517 1048 1576; x_wconf 91' lang='lat' dir='ltr'><strong>quae</strong></span> <span class='ocrx_word' id='word_1_117' title='bbox 1059 1501 1149 1560; x_wconf 90' lang='lat' dir='ltr'><strong>etiam</strong></span> 
     </span>
     <span class='ocr_line' id='line_1_16' title="bbox 172 1584 1150 1661; baseline -0.002 -15"><span class='ocrx_word' id='word_1_118' title='bbox 172 1587 457 1661; x_wconf 85' lang='lat' dir='ltr'><strong>transcucurrimus,</strong></span> <span class='ocrx_word' id='word_1_119' title='bbox 478 1594 512 1648; x_wconf 91' lang='lat' dir='ltr'><strong>ut</strong></span> <span class='ocrx_word' id='word_1_120' title='bbox 525 1587 635 1646; x_wconf 89' lang='lat' dir='ltr'><strong>alicubi</strong></span> <span class='ocrx_word' id='word_1_121' title='bbox 655 1587 760 1646; x_wconf 89' lang='lat' dir='ltr'><strong>obstes</strong></span> <span class='ocrx_word' id='word_1_122' title='bbox 780 1586 841 1655; x_wconf 85' lang='lat' dir='ltr'><strong>tibi,</strong></span> <span class='ocrx_word' id='word_1_123' title='bbox 863 1584 973 1645; x_wconf 87' lang='lat' dir='ltr'><strong>alicubi</strong></span> <span class='ocrx_word' id='word_1_124' title='bbox 994 1584 1150 1657; x_wconf 74' lang='lat' dir='ltr'><strong>irascaris</strong></span> 
     </span>
     <span class='ocr_line' id='line_1_17' title="bbox 173 1668 1152 1746; baseline -0.001 -18"><span class='ocrx_word' id='word_1_125' title='bbox 173 1669 285 1729; x_wconf 90' lang='lat' dir='ltr'><strong>alicubi</strong></span> <span class='ocrx_word' id='word_1_126' title='bbox 305 1670 401 1731; x_wconf 89' lang='lat' dir='ltr'><strong>instes</strong></span> <span class='ocrx_word' id='word_1_127' title='bbox 421 1669 539 1746; x_wconf 84' lang='lat' dir='ltr'><strong>gravis:</strong></span> <span class='ocrx_word' id='word_1_128' title='bbox 561 1670 618 1731; x_wconf 90' lang='lat' dir='ltr'><strong>sed</strong></span> <span class='ocrx_word' id='word_1_129' title='bbox 637 1670 720 1741; x_wconf 89' lang='lat' dir='ltr'><strong>illud,</strong></span> <span class='ocrx_word' id='word_1_130' title='bbox 741 1669 824 1743; x_wconf 91' lang='lat' dir='ltr'><strong>quod</strong></span> <span class='ocrx_word' id='word_1_131' title='bbox 844 1668 979 1729; x_wconf 90' lang='lat' dir='ltr'><strong>ultimum</strong></span> <span class='ocrx_word' id='word_1_132' title='bbox 1000 1669 1094 1740; x_wconf 86' lang='lat' dir='ltr'><strong>venit,</strong></span> <span class='ocrx_word' id='word_1_133' title='bbox 1119 1675 1152 1727; x_wconf 91' lang='lat' dir='ltr'><strong>ut</strong></span> 
     </span>
     <span class='ocr_line' id='line_1_18' title="bbox 174 1751 1150 1827; baseline 0 -16"><span class='ocrx_word' id='word_1_134' title='bbox 174 1752 267 1811; x_wconf 85' lang='lat' dir='ltr'><strong>fldem</strong></span> <span class='ocrx_word' id='word_1_135' title='bbox 281 1753 334 1812; x_wconf 87' lang='lat' dir='ltr'><strong>tibi</strong></span> <span class='ocrx_word' id='word_1_136' title='bbox 349 1754 464 1814; x_wconf 90' lang='lat' dir='ltr'><strong>habeas</strong></span> <span class='ocrx_word' id='word_1_137' title='bbox 479 1762 509 1814; x_wconf 89' lang='lat' dir='ltr'><strong>et</strong></span> <span class='ocrx_word' id='word_1_138' title='bbox 524 1761 608 1815; x_wconf 90' lang='lat' dir='ltr'><strong>recta</strong></span> <span class='ocrx_word' id='word_1_139' title='bbox 623 1756 666 1813; x_wconf 90' lang='lat' dir='ltr'><strong>ire</strong></span> <span class='ocrx_word' id='word_1_140' title='bbox 680 1762 710 1813; x_wconf 87' lang='lat' dir='ltr'><strong>lc</strong></span> <span class='ocrx_word' id='word_1_141' title='bbox 722 1753 771 1812; x_wconf 88' lang='lat' dir='ltr'><strong>via</strong></span> <span class='ocrx_word' id='word_1_142' title='bbox 783 1753 901 1827; x_wconf 87' lang='lat' dir='ltr'><strong>credas,</strong></span> <span class='ocrx_word' id='word_1_143' title='bbox 917 1751 988 1811; x_wconf 91' lang='lat' dir='ltr'><strong>nihil</strong></span> <span class='ocrx_word' id='word_1_144' title='bbox 1000 1759 1150 1813; x_wconf 85' lang='lat' dir='ltr'><strong>avocatus</strong></span> 
     </span>
     <span class='ocr_line' id='line_1_19' title="bbox 174 1836 1150 1912; baseline 0 -17"><span class='ocrx_word' id='word_1_145' title='bbox 174 1837 358 1897; x_wconf 88' lang='lat' dir='ltr'><strong>transversis</strong></span> <span class='ocrx_word' id='word_1_146' title='bbox 369 1839 529 1898; x_wconf 84' lang='lat' dir='ltr'><strong>mullorum</strong></span> <span class='ocrx_word' id='word_1_147' title='bbox 542 1837 677 1912; x_wconf 86' lang='lat' dir='ltr'><strong>vestigiis</strong></span> <span class='ocrx_word' id='word_1_148' title='bbox 689 1838 804 1912; x_wconf 92' lang='lat' dir='ltr'><strong>passim</strong></span> <span class='ocrx_word' id='word_1_149' title='bbox 816 1836 1059 1909; x_wconf 89' lang='lat' dir='ltr'><strong>discurrentium,</strong></span> <span class='ocrx_word' id='word_1_150' title='bbox 1075 1852 1150 1912; x_wconf 91' lang='lat' dir='ltr'><strong>quo-</strong></span> 
     </span>
    </p>

    <p class='ocr_par' dir='ltr' id='par_1_6' title="bbox 135 1919 1152 2500">
     <span class='ocr_line' id='line_1_20' title="bbox 135 1919 1151 1995; baseline -0.002 -13"><span class='ocrx_word' id='word_1_151' title='bbox 135 1920 159 1982; x_wconf 77' lang='grc'><strong>’3</strong></span> <span class='ocrx_word' id='word_1_152' title='bbox 175 1920 314 1978; x_wconf 84' lang='lat' dir='ltr'><strong>rumdam</strong></span> <span class='ocrx_word' id='word_1_153' title='bbox 326 1921 406 1980; x_wconf 90' lang='lat' dir='ltr'><strong>circa</strong></span> <span class='ocrx_word' id='word_1_154' title='bbox 421 1923 519 1995; x_wconf 89' lang='lat' dir='ltr'><strong>ipsam</strong></span> <span class='ocrx_word' id='word_1_155' title='bbox 534 1921 695 1981; x_wconf 88' lang='lat' dir='ltr'><strong>errantium</strong></span> <span class='ocrx_word' id='word_1_156' title='bbox 711 1921 800 1980; x_wconf 88' lang='lat' dir='ltr'><strong>viam.</strong></span> <span class='ocrx_word' id='word_1_157' title='bbox 821 1919 907 1994; x_wconf 81' lang='lat' dir='ltr'><strong>Quod</strong></span> <span class='ocrx_word' id='word_1_158' title='bbox 923 1920 1085 1980; x_wconf 90' lang='lat' dir='ltr'><strong>desideras</strong></span> <span class='ocrx_word' id='word_1_159' title='bbox 1098 1936 1151 1980; x_wconf 90' lang='lat' dir='ltr'><strong>au·</strong></span> 
     </span>
     <span class='ocr_line' id='line_1_21' title="bbox 175 2004 1150 2079; baseline -0.001 -17"><span class='ocrx_word' id='word_1_160' title='bbox 175 2010 245 2076; x_wconf 90' lang='lat' dir='ltr'><strong>tem,</strong></span> <span class='ocrx_word' id='word_1_161' title='bbox 256 2019 398 2078; x_wconf 89' lang='lat' dir='ltr'><strong>magnum</strong></span> <span class='ocrx_word' id='word_1_162' title='bbox 412 2011 442 2064; x_wconf 89' lang='lat' dir='ltr'><strong>et</strong></span> <span class='ocrx_word' id='word_1_163' title='bbox 461 2021 611 2064; x_wconf 92' lang='lat' dir='ltr'><strong>summum</strong></span> <span class='ocrx_word' id='word_1_164' title='bbox 626 2011 674 2064; x_wconf 90' lang='lat' dir='ltr'><strong>est</strong></span> <span class='ocrx_word' id='word_1_165' title='bbox 692 2006 813 2079; x_wconf 88' lang='lat' dir='ltr'><strong>deoque</strong></span> <span class='ocrx_word' id='word_1_166' title='bbox 831 2004 972 2077; x_wconf 87' lang='lat' dir='ltr'><strong>vicinum,</strong></span> <span class='ocrx_word' id='word_1_167' title='bbox 994 2019 1057 2063; x_wconf 89' lang='lat' dir='ltr'><strong>non</strong></span> <span class='ocrx_word' id='word_1_168' title='bbox 1078 2019 1150 2063; x_wconf 91' lang='lat' dir='ltr'><strong>con-</strong></span> 
     </span>
     <span class='ocr_line' id='line_1_22' title="bbox 176 2077 1151 2166; baseline -0.003 -18"><span class='ocrx_word' id='word_1_169' title='bbox 176 2088 247 2148; x_wconf 88' lang='lat' dir='ltr'><strong>cuti.</strong></span> <span class='ocrx_word' id='word_1_170' title='bbox 262 2088 341 2147; x_wconf 91' lang='lat' dir='ltr'><strong>hauc</strong></span> <span class='ocrx_word' id='word_1_171' title='bbox 356 2087 494 2148; x_wconf 86' lang='lat' dir='ltr'><strong>stabilem</strong></span> <span class='ocrx_word' id='word_1_172' title='bbox 505 2088 596 2147; x_wconf 86' lang='lat' dir='ltr'><strong>animi</strong></span> <span class='ocrx_word' id='word_1_173' title='bbox 612 2090 717 2148; x_wconf 89' lang='lat' dir='ltr'><strong>sedem</strong></span> <span class='ocrx_word' id='word_1_174' title='bbox 724 2088 831 2147; x_wconf 89' lang='lat' dir='ltr'><strong>Graeci</strong></span> <span class='ocrx_word' id='word_1_175' title='bbox 848 2077 1016 2166; x_wconf 79' lang='grc' dir='ltr'><strong>εὐθυμίαν</strong></span> <span class='ocrx_word' id='word_1_176' title='bbox 1029 2094 1151 2159; x_wconf 90' lang='lat' dir='ltr'><strong>vocant,</strong></span> 
     </span>
     <span class='ocr_line' id='line_1_23' title="bbox 176 2171 1150 2247; baseline -0.002 -15"><span class='ocrx_word' id='word_1_177' title='bbox 176 2172 216 2232; x_wconf 88' lang='lat' dir='ltr'><strong>de</strong></span> <span class='ocrx_word' id='word_1_178' title='bbox 234 2187 295 2247; x_wconf 92' lang='lat' dir='ltr'><strong>qua</strong></span> <span class='ocrx_word' id='word_1_179' title='bbox 307 2171 470 2233; x_wconf 86' lang='lat' dir='ltr'><strong>Democriti</strong></span> <span class='ocrx_word' id='word_1_180' title='bbox 484 2173 626 2232; x_wconf 90' lang='lat' dir='ltr'><strong>volumen</strong></span> <span class='ocrx_word' id='word_1_181' title='bbox 639 2172 795 2246; x_wconf 86' lang='lat' dir='ltr'><strong>egregium</strong></span> <span class='ocrx_word' id='word_1_182' title='bbox 809 2178 865 2232; x_wconf 87' lang='lat' dir='ltr'><strong>est</strong></span> <span class='ocrx_word' id='word_1_183' title='bbox 882 2187 940 2246; x_wconf 90' lang='lat' dir='ltr'><strong>ego</strong></span> <span class='ocrx_word' id='word_1_184' title='bbox 955 2171 1150 2247; x_wconf 90' lang='lat' dir='ltr'><strong>tranquil-</strong></span> 
     </span>
     <span class='ocr_line' id='line_1_24' title="bbox 175 2253 1151 2317; baseline -0.005 -1"><span class='ocrx_word' id='word_1_185' title='bbox 175 2256 325 2316; x_wconf 88' lang='lat' dir='ltr'><strong>litatem</strong></span> <span class='ocrx_word' id='word_1_186' title='bbox 338 2272 429 2317; x_wconf 89' lang='lat' dir='ltr'><strong>voco.</strong></span> <span class='ocrx_word' id='word_1_187' title='bbox 457 2271 514 2316; x_wconf 91' lang='lat' dir='ltr'><strong>nec</strong></span> <span class='ocrx_word' id='word_1_188' title='bbox 535 2256 614 2315; x_wconf 92' lang='lat' dir='ltr'><strong>enim</strong></span> <span class='ocrx_word' id='word_1_189' title='bbox 634 2253 742 2316; x_wconf 88' lang='lat' dir='ltr'><strong>imitari</strong></span> <span class='ocrx_word' id='word_1_190' title='bbox 761 2262 792 2315; x_wconf 92' lang='lat' dir='ltr'><strong>et</strong></span> <span class='ocrx_word' id='word_1_191' title='bbox 809 2256 973 2315; x_wconf 86' lang='lat' dir='ltr'><strong>translerre</strong></span> <span class='ocrx_word' id='word_1_192' title='bbox 994 2254 1089 2315; x_wconf 90' lang='lat' dir='ltr'><strong>verba</strong></span> <span class='ocrx_word' id='word_1_193' title='bbox 1112 2255 1151 2312; x_wconf 87' lang='lat' dir='ltr'><strong>ad</strong></span> 
     </span>
     <span class='ocr_line' id='line_1_25' title="bbox 175 2338 1150 2414; baseline -0.005 -13"><span class='ocrx_word' id='word_1_194' title='bbox 175 2340 294 2401; x_wconf 90' lang='lat' dir='ltr'><strong>illorum</strong></span> <span class='ocrx_word' id='word_1_195' title='bbox 310 2341 438 2402; x_wconf 81' lang='lat' dir='ltr'><strong>sormam</strong></span> <span class='ocrx_word' id='word_1_196' title='bbox 452 2354 581 2400; x_wconf 85' lang='lat' dir='ltr'><strong>necesse</strong></span> <span class='ocrx_word' id='word_1_197' title='bbox 596 2346 655 2399; x_wconf 83' lang='lat' dir='ltr'><strong>est:</strong></span> <span class='ocrx_word' id='word_1_198' title='bbox 678 2355 728 2399; x_wconf 90' lang='lat' dir='ltr'><strong>res</strong></span> <span class='ocrx_word' id='word_1_199' title='bbox 743 2339 820 2414; x_wconf 90' lang='lat' dir='ltr'><strong>ipsa,</strong></span> <span class='ocrx_word' id='word_1_200' title='bbox 836 2340 876 2400; x_wconf 89' lang='lat' dir='ltr'><strong>dc</strong></span> <span class='ocrx_word' id='word_1_201' title='bbox 894 2355 955 2414; x_wconf 89' lang='lat' dir='ltr'><strong>qua</strong></span> <span class='ocrx_word' id='word_1_202' title='bbox 969 2340 1076 2413; x_wconf 83' lang='lat' dir='ltr'><strong>agitur,</strong></span> <span class='ocrx_word' id='word_1_203' title='bbox 1098 2338 1150 2397; x_wconf 88' lang='lat' dir='ltr'><strong>ali·</strong></span> 
     </span>
     <span class='ocr_line' id='line_1_26' title="bbox 177 2420 1152 2500; baseline -0.001 -17"><span class='ocrx_word' id='word_1_204' title='bbox 177 2440 239 2500; x_wconf 89' lang='lat' dir='ltr'><strong>quo</strong></span> <span class='ocrx_word' id='word_1_205' title='bbox 255 2424 405 2498; x_wconf 86' lang='lat' dir='ltr'><strong>signanda</strong></span> <span class='ocrx_word' id='word_1_206' title='bbox 415 2425 537 2486; x_wconf 92' lang='lat' dir='ltr'><strong>nomine</strong></span> <span class='ocrx_word' id='word_1_207' title='bbox 552 2432 607 2498; x_wconf 89' lang='lat' dir='ltr'><strong>est,</strong></span> <span class='ocrx_word' id='word_1_208' title='bbox 624 2424 706 2500; x_wconf 90' lang='lat' dir='ltr'><strong>quod</strong></span> <span class='ocrx_word' id='word_1_209' title='bbox 718 2423 930 2497; x_wconf 89' lang='lat' dir='ltr'><strong>adpellalionis</strong></span> <span class='ocrx_word' id='word_1_210' title='bbox 943 2423 1079 2482; x_wconf 87' lang='lat' dir='ltr'><strong>Graecae</strong></span> <span class='ocrx_word' id='word_1_211' title='bbox 1092 2420 1152 2482; x_wconf 90' lang='lat' dir='ltr'><strong>vim</strong></span> 
     </span>
    </p>

    <p class='ocr_par' dir='ltr' id='par_1_7' title="bbox 146 2505 1153 3086">
     <span class='ocr_line' id='line_1_27' title="bbox 146 2505 1150 2582; baseline 0.002 -20"><span class='ocrx_word' id='word_1_212' title='bbox 146 2508 268 2569; x_wconf 82' lang='lat' dir='ltr'><strong>ldebet</strong></span> <span class='ocrx_word' id='word_1_213' title='bbox 288 2508 414 2580; x_wconf 87' lang='lat' dir='ltr'><strong>habere,</strong></span> <span class='ocrx_word' id='word_1_214' title='bbox 443 2525 503 2569; x_wconf 93' lang='lat' dir='ltr'><strong>non</strong></span> <span class='ocrx_word' id='word_1_215' title='bbox 524 2507 642 2568; x_wconf 81' lang='lat' dir='ltr'><strong>faciem.</strong></span> <span class='ocrx_word' id='word_1_216' title='bbox 675 2507 756 2581; x_wconf 87' lang='lat' dir='ltr'><strong>Ergo</strong></span> <span class='ocrx_word' id='word_1_217' title='bbox 778 2505 967 2582; x_wconf 88' lang='lat' dir='ltr'><strong>quaerimus,</strong></span> <span class='ocrx_word' id='word_1_218' title='bbox 993 2506 1150 2581; x_wconf 90' lang='lat' dir='ltr'><strong>quomodo</strong></span> 
     </span>
     <span class='ocr_line' id='line_1_28' title="bbox 176 2589 1149 2669; baseline -0.003 -18"><span class='ocrx_word' id='word_1_219' title='bbox 176 2592 295 2653; x_wconf 89' lang='lat' dir='ltr'><strong>animus</strong></span> <span class='ocrx_word' id='word_1_220' title='bbox 311 2607 434 2669; x_wconf 90' lang='lat' dir='ltr'><strong>semper</strong></span> <span class='ocrx_word' id='word_1_221' title='bbox 449 2592 586 2667; x_wconf 88' lang='lat' dir='ltr'><strong>aequalis</strong></span> <span class='ocrx_word' id='word_1_222' title='bbox 601 2591 799 2666; x_wconf 87' lang='lat' dir='ltr'><strong>secundoque</strong></span> <span class='ocrx_word' id='word_1_223' title='bbox 812 2605 904 2651; x_wconf 92' lang='lat' dir='ltr'><strong>cursu</strong></span> <span class='ocrx_word' id='word_1_224' title='bbox 918 2598 967 2651; x_wconf 88' lang='lat' dir='ltr'><strong>eal</strong></span> <span class='ocrx_word' id='word_1_225' title='bbox 987 2589 1149 2665; x_wconf 88' lang='lat' dir='ltr'><strong>propitius·</strong></span> 
     </span>
     <span class='ocr_line' id='line_1_29' title="bbox 178 2673 1152 2751; baseline -0.003 -17"><span class='ocrx_word' id='word_1_226' title='bbox 178 2675 313 2751; x_wconf 91' lang='lat' dir='ltr'><strong>quesibi</strong></span> <span class='ocrx_word' id='word_1_227' title='bbox 335 2677 375 2736; x_wconf 89' lang='lat' dir='ltr'><strong>sit</strong></span> <span class='ocrx_word' id='word_1_228' title='bbox 394 2683 424 2736; x_wconf 90' lang='lat' dir='ltr'><strong>et</strong></span> <span class='ocrx_word' id='word_1_229' title='bbox 440 2692 497 2736; x_wconf 87' lang='lat' dir='ltr'><strong>sua</strong></span> <span class='ocrx_word' id='word_1_230' title='bbox 510 2678 607 2735; x_wconf 87' lang='lat' dir='ltr'><strong>laetus</strong></span> <span class='ocrx_word' id='word_1_231' title='bbox 628 2675 779 2751; x_wconf 86' lang='lat' dir='ltr'><strong>adspiciat</strong></span> <span class='ocrx_word' id='word_1_232' title='bbox 799 2681 829 2733; x_wconf 93' lang='lat' dir='ltr'><strong>et</strong></span> <span class='ocrx_word' id='word_1_233' title='bbox 848 2673 907 2735; x_wconf 90' lang='lat' dir='ltr'><strong>hoc</strong></span> <span class='ocrx_word' id='word_1_234' title='bbox 924 2674 1069 2748; x_wconf 90' lang='lat' dir='ltr'><strong>gaudium</strong></span> <span class='ocrx_word' id='word_1_235' title='bbox 1090 2689 1152 2733; x_wconf 92' lang='lat' dir='ltr'><strong>non</strong></span> 
     </span>
     <span class='ocr_line' id='line_1_30' title="bbox 177 2757 1152 2835; baseline -0.003 -17"><span class='ocrx_word' id='word_1_236' title='bbox 177 2759 382 2835; x_wconf 89' lang='lat' dir='ltr'><strong>interrumpat,</strong></span> <span class='ocrx_word' id='word_1_237' title='bbox 404 2762 461 2820; x_wconf 89' lang='lat' dir='ltr'><strong>sed</strong></span> <span class='ocrx_word' id='word_1_238' title='bbox 483 2759 603 2834; x_wconf 87' lang='lat' dir='ltr'><strong>placido</strong></span> <span class='ocrx_word' id='word_1_239' title='bbox 624 2765 703 2818; x_wconf 90' lang='lat' dir='ltr'><strong>statu</strong></span> <span class='ocrx_word' id='word_1_240' title='bbox 723 2765 843 2817; x_wconf 90' lang='lat' dir='ltr'><strong>maneat</strong></span> <span class='ocrx_word' id='word_1_241' title='bbox 867 2773 925 2818; x_wconf 91' lang='lat' dir='ltr'><strong>nec</strong></span> <span class='ocrx_word' id='word_1_242' title='bbox 945 2757 1098 2817; x_wconf 90' lang='lat' dir='ltr'><strong>adtollens</strong></span> <span class='ocrx_word' id='word_1_243' title='bbox 1116 2771 1152 2816; x_wconf 90' lang='lat' dir='ltr'><strong>se</strong></span> 
     </span>
     <span class='ocr_line' id='line_1_31' title="bbox 177 2841 1151 2918; baseline -0.001 -16"><span class='ocrx_word' id='word_1_244' title='bbox 177 2858 321 2918; x_wconf 89' lang='lat' dir='ltr'><strong>umquam</strong></span> <span class='ocrx_word' id='word_1_245' title='bbox 342 2858 398 2903; x_wconf 88' lang='lat' dir='ltr'><strong>nee</strong></span> <span class='ocrx_word' id='word_1_246' title='bbox 413 2844 604 2918; x_wconf 75' lang='lat' dir='ltr'><strong>deprimens:</strong></span> <span class='ocrx_word' id='word_1_247' title='bbox 627 2841 942 2917; x_wconf 88' lang='lat' dir='ltr'><strong>idtranquillitas</strong></span> <span class='ocrx_word' id='word_1_248' title='bbox 962 2841 1027 2904; x_wconf 89' lang='lat' dir='ltr'><strong>erit.</strong></span> <span class='ocrx_word' id='word_1_249' title='bbox 1058 2857 1151 2916; x_wconf 90' lang='lat' dir='ltr'><strong>quo·</strong></span> 
     </span>
     <span class='ocr_line' id='line_1_32' title="bbox 178 2923 1153 3002; baseline -0.003 -17"><span class='ocrx_word' id='word_1_250' title='bbox 178 2928 291 2988; x_wconf 91' lang='lat' dir='ltr'><strong>modo</strong></span> <span class='ocrx_word' id='word_1_251' title='bbox 308 2928 353 2988; x_wconf 92' lang='lat' dir='ltr'><strong>ad</strong></span> <span class='ocrx_word' id='word_1_252' title='bbox 370 2928 468 2987; x_wconf 91' lang='lat' dir='ltr'><strong>hanc</strong></span> <span class='ocrx_word' id='word_1_253' title='bbox 491 2926 692 3002; x_wconf 88' lang='lat' dir='ltr'><strong>perveniri</strong></span> <span class='ocrx_word' id='word_1_254' title='bbox 710 2925 846 3001; x_wconf 88' lang='lat' dir='ltr'><strong>possit,</strong></span> <span class='ocrx_word' id='word_1_255' title='bbox 868 2924 905 2985; x_wconf 91' lang='lat' dir='ltr'><strong>in</strong></span> <span class='ocrx_word' id='word_1_256' title='bbox 926 2923 1153 2984; x_wconf 92' lang='lat' dir='ltr'><strong>universum</strong></span> 
     </span>
     <span class='ocr_line' id='line_1_33' title="bbox 179 3008 1153 3086; baseline -0.003 -15"><span class='ocrx_word' id='word_1_257' title='bbox 179 3027 423 3086; x_wconf 86' lang='lat' dir='ltr'><strong>quaeramus=</strong></span> <span class='ocrx_word' id='word_1_258' title='bbox 453 3026 556 3070; x_wconf 92' lang='lat' dir='ltr'><strong>sumes</strong></span> <span class='ocrx_word' id='word_1_259' title='bbox 583 3018 615 3070; x_wconf 93' lang='lat' dir='ltr'><strong>tu</strong></span> <span class='ocrx_word' id='word_1_260' title='bbox 641 3025 680 3068; x_wconf 90' lang='lat' dir='ltr'><strong>ex</strong></span> <span class='ocrx_word' id='word_1_261' title='bbox 701 3010 823 3085; x_wconf 91' lang='lat' dir='ltr'><strong>publico</strong></span> <span class='ocrx_word' id='word_1_262' title='bbox 844 3008 978 3070; x_wconf 89' lang='lat' dir='ltr'><strong>remedio</strong></span> <span class='ocrx_word' id='word_1_263' title='bbox 1005 3015 1153 3082; x_wconf 88' lang='lat' dir='ltr'><strong>quantum</strong></span> 
     </span>
    </p>

    <p class='ocr_par' dir='ltr' id='par_1_8' title="bbox 146 3090 1154 3505">
     <span class='ocr_line' id='line_1_34' title="bbox 146 3090 1152 3166; baseline -0.007 -7"><span class='ocrx_word' id='word_1_264' title='bbox 146 3097 273 3159; x_wconf 84' lang='lat' dir='ltr'><strong>5voles.</strong></span> <span class='ocrx_word' id='word_1_265' title='bbox 304 3090 1152 3166; x_wconf 89' lang='lat' dir='ltr'><strong>Totuminterimvitiuminmediumprotra-</strong></span> 
     </span>
     <span class='ocr_line' id='line_1_35' title="bbox 178 3178 1153 3252; baseline -0.004 -15"><span class='ocrx_word' id='word_1_266' title='bbox 178 3178 344 3239; x_wconf 87' lang='lat' dir='ltr'><strong>hendum</strong></span> <span class='ocrx_word' id='word_1_267' title='bbox 361 3185 436 3251; x_wconf 90' lang='lat' dir='ltr'><strong>est,</strong></span> <span class='ocrx_word' id='word_1_268' title='bbox 464 3194 503 3238; x_wconf 88' lang='lat' dir='ltr'><strong>ex</strong></span> <span class='ocrx_word' id='word_1_269' title='bbox 523 3193 585 3252; x_wconf 90' lang='lat' dir='ltr'><strong>quo</strong></span> <span class='ocrx_word' id='word_1_270' title='bbox 607 3186 753 3252; x_wconf 80' lang='lat' dir='ltr'><strong>agnoscet</strong></span> <span class='ocrx_word' id='word_1_271' title='bbox 771 3178 900 3251; x_wconf 89' lang='lat' dir='ltr'><strong>quisque</strong></span> <span class='ocrx_word' id='word_1_272' title='bbox 924 3183 1038 3251; x_wconf 90' lang='lat' dir='ltr'><strong>partem</strong></span> <span class='ocrx_word' id='word_1_273' title='bbox 1055 3192 1153 3236; x_wconf 83' lang='lat' dir='ltr'><strong>suam</strong></span> 
     </span>
     <span class='ocr_line' id='line_1_36' title="bbox 179 3260 1153 3338; baseline -0.003 -17"><span class='ocrx_word' id='word_1_274' title='bbox 179 3260 268 3321; x_wconf 90' lang='lat' dir='ltr'><strong>simul</strong></span> <span class='ocrx_word' id='word_1_275' title='bbox 284 3271 317 3323; x_wconf 90' lang='lat' dir='ltr'><strong>lu</strong></span> <span class='ocrx_word' id='word_1_276' title='bbox 332 3263 501 3338; x_wconf 83' lang='lat' dir='ltr'><strong>intelleges,</strong></span> <span class='ocrx_word' id='word_1_277' title='bbox 522 3270 635 3338; x_wconf 88' lang='lat' dir='ltr'><strong>quanto</strong></span> <span class='ocrx_word' id='word_1_278' title='bbox 652 3263 750 3321; x_wconf 89' lang='lat' dir='ltr'><strong>minus</strong></span> <span class='ocrx_word' id='word_1_279' title='bbox 767 3262 879 3337; x_wconf 86' lang='lat' dir='ltr'><strong>negotii</strong></span> <span class='ocrx_word' id='word_1_280' title='bbox 893 3260 1009 3321; x_wconf 86' lang='lat' dir='ltr'><strong>habeas</strong></span> <span class='ocrx_word' id='word_1_281' title='bbox 1025 3276 1094 3322; x_wconf 91' lang='lat' dir='ltr'><strong>cum</strong></span> <span class='ocrx_word' id='word_1_282' title='bbox 1109 3261 1153 3318; x_wconf 90' lang='lat' dir='ltr'><strong>la-</strong></span> 
     </span>
     <span class='ocr_line' id='line_1_37' title="bbox 180 3343 1153 3423; baseline -0.004 -17"><span class='ocrx_word' id='word_1_283' title='bbox 180 3345 270 3406; x_wconf 88' lang='lat' dir='ltr'><strong>stidio</strong></span> <span class='ocrx_word' id='word_1_284' title='bbox 285 3346 327 3407; x_wconf 90' lang='lat' dir='ltr'><strong>tui</strong></span> <span class='ocrx_word' id='word_1_285' title='bbox 343 3364 434 3421; x_wconf 87' lang='lat' dir='ltr'><strong>quarn</strong></span> <span class='ocrx_word' id='word_1_286' title='bbox 447 3348 486 3417; x_wconf 92' lang='lat' dir='ltr'><strong>hi,</strong></span> <span class='ocrx_word' id='word_1_287' title='bbox 503 3364 582 3423; x_wconf 90' lang='lat' dir='ltr'><strong>quos</strong></span> <span class='ocrx_word' id='word_1_288' title='bbox 597 3347 636 3405; x_wconf 89' lang='lat' dir='ltr'><strong>ad</strong></span> <span class='ocrx_word' id='word_1_289' title='bbox 653 3346 875 3421; x_wconf 77' lang='lat' dir='ltr'><strong>professionem</strong></span> <span class='ocrx_word' id='word_1_290' title='bbox 890 3344 1064 3419; x_wconf 89' lang='lat' dir='ltr'><strong>speciosam</strong></span> <span class='ocrx_word' id='word_1_291' title='bbox 1078 3343 1153 3403; x_wconf 90' lang='lat' dir='ltr'><strong>adli·</strong></span> 
     </span>
     <span class='ocr_line' id='line_1_38' title="bbox 180 3427 1154 3505; baseline -0.003 -17"><span class='ocrx_word' id='word_1_292' title='bbox 180 3435 268 3505; x_wconf 85' lang='lat' dir='ltr'><strong>gatos</strong></span> <span class='ocrx_word' id='word_1_293' title='bbox 283 3437 313 3489; x_wconf 90' lang='lat' dir='ltr'><strong>ct</strong></span> <span class='ocrx_word' id='word_1_294' title='bbox 328 3431 385 3490; x_wconf 88' lang='lat' dir='ltr'><strong>sub</strong></span> <span class='ocrx_word' id='word_1_295' title='bbox 407 3429 520 3504; x_wconf 83' lang='lat' dir='ltr'><strong>ingenti</strong></span> <span class='ocrx_word' id='word_1_296' title='bbox 542 3431 627 3491; x_wconf 89' lang='lat' dir='ltr'><strong>titulo</strong></span> <span class='ocrx_word' id='word_1_297' title='bbox 651 3429 815 3489; x_wconf 89' lang='lat' dir='ltr'><strong>laborantis</strong></span> <span class='ocrx_word' id='word_1_298' title='bbox 834 3430 864 3488; x_wconf 92' lang='lat' dir='ltr'><strong>in</strong></span> <span class='ocrx_word' id='word_1_299' title='bbox 888 3445 944 3489; x_wconf 90' lang='lat' dir='ltr'><strong>sna</strong></span> <span class='ocrx_word' id='word_1_300' title='bbox 962 3427 1154 3488; x_wconf 89' lang='lat' dir='ltr'><strong>simulatione</strong></span> 
     </span>
    </p>
   </div>
   <div class='ocr_carea' id='block_1_3' title="bbox 147 3511 1152 3590">
    <p class='ocr_par' dir='ltr' id='par_1_9' title="bbox 147 3511 1152 3590">
     <span class='ocr_line' id='line_1_39' title="bbox 147 3511 1152 3590; baseline -0.009 -13"><span class='ocrx_word' id='word_1_301' title='bbox 147 3523 165 3577; x_wconf 83' lang='lat'>6</span> <span class='ocrx_word' id='word_1_302' title='bbox 181 3514 280 3590; x_wconf 91' lang='lat' dir='ltr'><strong>pudor</strong></span> <span class='ocrx_word' id='word_1_303' title='bbox 292 3514 389 3589; x_wconf 86' lang='lat' dir='ltr'><strong>magis</strong></span> <span class='ocrx_word' id='word_1_304' title='bbox 408 3531 499 3588; x_wconf 92' lang='lat' dir='ltr'><strong>quam</strong></span> <span class='ocrx_word' id='word_1_305' title='bbox 520 3516 658 3574; x_wconf 90' lang='lat' dir='ltr'><strong>voluntas</strong></span> <span class='ocrx_word' id='word_1_306' title='bbox 674 3523 763 3574; x_wconf 87' lang='lat' dir='ltr'><strong>tenet.</strong></span> <span class='ocrx_word' id='word_1_307' title='bbox 787 3512 898 3572; x_wconf 88' lang='lat' dir='ltr'><strong>Omnes</strong></span> <span class='ocrx_word' id='word_1_308' title='bbox 915 3512 941 3570; x_wconf 91' lang='lat' dir='ltr'><strong>in</strong></span> <span class='ocrx_word' id='word_1_309' title='bbox 960 3511 1067 3570; x_wconf 88' lang='lat' dir='ltr'><strong>eadem</strong></span> <span class='ocrx_word' id='word_1_310' title='bbox 1081 3527 1152 3570; x_wconf 88' lang='lat' dir='ltr'><strong>cau·</strong></span> 
     </span>
    </p>
   </div>
   <div class='ocr_carea' id='block_1_4' title="bbox 0 0 1226 3968">
    <p class='ocr_par' dir='ltr' id='par_1_10' title="bbox 0 0 1226 3968">
     <span class='ocr_line' id='line_1_40' title="bbox 0 0 1226 3968; baseline 0 0"><span class='ocrx_word' id='word_1_311' title='bbox 0 0 1226 3968; x_wconf 95' lang='lat' dir='ltr'><strong> </strong></span> 
     </span>
    </p>
   </div>
  </div>
 </body>
</html>
