2438 3968
188 259 231 322 22
285 259 387 320 olna.
404 258 441 318 11.
461 258 515 318 Ab
531 256 714 318 SERENUM
726 254 802 316 ttttc
815 254 1093 317 INlURlAbl-NEO.

184 422 253 488 tur,
268 428 329 474 non
344 410 499 471 iudicabat
516 415 589 481 sua,
609 409 667 468 sed
680 406 851 468 adventicia
863 414 895 467 et
908 415 1014 467 nutum
1028 407 1174 471 fortunae

191 496 359 572 sequentia.
386 494 457 555 ideo
473 501 506 554 ut
525 509 587 555 non
609 489 735 568 propria
749 491 905 551 dilexerat
933 489 1078 553 Omnium
1093 493 1173 555 enin

191 579 382 640 extrinsecus
399 577 599 638 adfluentium
612 575 728 635 lubrica
742 583 771 635 et
784 576 900 636 incerta
913 575 1080 651 possessio
1096 585 1158 639 esta

165 672 180 723 1
251 665 303 723 Vl.
326 663 430 738 Cogita
449 677 545 735 nunc,
565 676 605 721 an
625 659 696 719 huic
714 661 762 720 lur
780 665 832 719 aut
846 659 1045 720 calumniator
1059 669 1118 723 aut
1131 661 1172 723 ri·

192 748 279 808 cinus
299 747 442 823 inpotens
456 754 509 807 aut
523 745 610 806 dives
625 743 736 819 aliquis
750 758 877 819 regnum
892 743 987 804 orbae
1001 745 1171 807 senectutis

191 847 339 893 exercens
360 833 462 891 lacere
482 828 622 890 iniuriam
642 828 759 903 possit,
777 827 827 887 cui
849 827 960 889 bellum
979 835 1012 889 et
1024 827 1172 891 hostiscl

190 917 240 976 ille
255 915 408 990 egregiam
428 921 523 974 artem
539 912 782 989 quassandarum
796 907 915 972 urbium
931 914 1099 987 protessus
1114 913 1170 975 erl·

161 1007 265 1075 apere
278 998 351 1059 nihil
366 996 471 1073 potuit
499 997 579 1059 Inter
592 998 738 1058 micantes
753 996 868 1071 ubique
881 997 1002 1072 gladios
1018 1005 1049 1057 ot
1062 997 1170 1059 mittu-

189 1099 254 1143 rcm
269 1083 299 1142 in
312 1080 422 1156 rapina
435 1082 602 1156 tumultum,
617 1081 694 1142 inter
707 1080 846 1140 flammas
858 1089 888 1142 et
899 1079 1084 1155 sanguiuem
1094 1088 1170 1143 stru·

190 1181 321 1242 gemque
336 1165 486 1240 impulsae
500 1165 642 1239 civitatis,
663 1165 742 1226 inter
754 1167 906 1239 fragorem
920 1166 1107 1240 templorum
1121 1181 1168 1227 su*

190 1266 247 1326 per
265 1250 343 1311 deos
365 1250 535 1310 cadentium
553 1250 606 1310 uni
620 1247 734 1309 bomini
749 1265 810 1325 pax
826 1248 895 1310 luit:
917 1265 977 1308 non
992 1256 1041 1309 ost
1053 1249 1169 1325 itaqua

191 1335 276 1410 quod
290 1335 392 1394 audax
405 1333 523 1395 iudices
538 1333 737 1410 promissum,
752 1333 840 1395 cuius
855 1333 922 1406 tibi,
938 1330 965 1393 si
975 1349 1087 1408 pamm
1097 1333 1170 1395 fidel

189 1417 304 1494 babeo,
320 1434 501 1494 sponsorem
514 1419 604 1479 dabo.
624 1417 677 1477 vix
686 1417 767 1477 enim
779 1418 879 1478 credis
889 1424 1004 1478 tantum
1018 1415 1169 1480 firmitatis

189 1503 221 1563 in
236 1502 389 1564 hominem
411 1510 464 1564 aut
477 1510 590 1564 tantam
603 1501 695 1562 animi
710 1501 944 1576 magnitudinem
959 1500 1085 1562 eadem.
1114 1501 1170 1564 scd

159 1588 216 1647 ssi
230 1589 333 1663 prodit
346 1588 376 1646 in
391 1588 524 1648 medium
539 1587 591 1662 qui
606 1587 701 1647 dicae
714 1601 796 1660 „non
812 1593 861 1646 est
875 1586 960 1661 quod
974 1585 1117 1662 dubites,
1131 1601 1168 1648 aa

190 1671 337 1732 adtollere
360 1687 394 1730 se
414 1671 505 1733 homo
527 1678 617 1732 natus
632 1686 727 1746 supra
741 1669 874 1731 humana
887 1667 1002 1746 possit,
1025 1685 1067 1731 an
1081 1670 1168 1733 dolo·

189 1769 258 1827 res,
273 1755 399 1827 damna,
413 1755 629 1828 ulcerationes,
644 1756 784 1826 volnera,
806 1770 935 1828 magnos
949 1762 1051 1815 motus
1066 1770 1169 1816 reum

190 1837 272 1896 circa
286 1853 321 1897 se
336 1839 524 1898 trementium
540 1854 667 1898 securus
683 1838 833 1913 adspiciat
852 1846 883 1898 et
896 1839 974 1899 dura
988 1836 1114 1913 placide
1127 1842 1169 1901 le·

189 1926 238 1980 rat
251 1926 282 1980 et
295 1920 433 1979 secunda
446 1922 619 1993 moderate,
642 1937 697 1981 nec
716 1920 776 1981 itlts
795 1921 910 1983 cedens
924 1937 981 1982 nec
994 1921 1044 1982 his
1059 1922 1167 1992 fretus

190 2019 269 2063 unus
287 2004 430 2078 idemque
449 2004 527 2064 inter
548 2004 671 2064 diversa
690 2005 730 2065 sit
744 2020 801 2064 nec
817 2005 987 2082 qucquam
1002 2022 1096 2067 suum
1110 2002 1169 2068 uisi

161 2087 225 2146 ese
247 2094 332 2161 putet
351 2101 438 2158 esse,
462 2089 497 2148 id
516 2102 642 2162 quoque
662 2104 698 2146 ea
718 2096 819 2163 parte,
841 2107 904 2164 qua
917 2089 1026 2151 melior
1044 2099 1110 2152 esta
1128 2107 1169 2151 eo

190 2170 297 2231 adsum
311 2170 371 2231 hoc
387 2170 474 2232 vobis
489 2172 687 2247 probaturus,
708 2172 765 2232 sub
779 2171 838 2233 isto
853 2181 898 2235 tot
911 2175 1063 2235 civitatum
1080 2190 1169 2236 ever·

189 2270 261 2316 sore
275 2255 459 2316 munimenta
472 2256 599 2317 incussu
613 2256 715 2316 arietis
728 2256 864 2317 labefieri
879 2266 909 2319 et
925 2259 1051 2319 turrium
1066 2258 1168 2321 altitu·

71 2354 75 2361 ·
190 2337 292 2399 dinem
312 2340 459 2400 cuniculis
480 2355 517 2399 ac
537 2340 699 2401 latentibus
718 2342 813 2402 fossis
833 2351 958 2417 repente
979 2343 1125 2404 desidere
1138 2349 1170 2406 et

189 2431 388 2498 aequaturum
404 2423 588 2486 editissimas
602 2440 691 2485 arces
705 2441 847 2500 aggerem
862 2442 1018 2502 crescere,
1039 2433 1070 2486 at
1085 2428 1170 2489 nulls

190 2506 432 2567 machinamenta
452 2524 547 2584 posse
568 2509 710 2584 reperiri,
731 2525 810 2585 quae
831 2510 908 2572 bene
929 2512 1088 2572 fundatum
1103 2510 1168 2573 ani·

161 2596 269 2651 dmum
285 2591 406 2665 agitent.
438 2591 548 2667 Erepsi
568 2594 660 2655 modo
675 2593 802 2654 eminis
823 2594 948 2670 domus,
970 2601 1000 2655 et
1013 2594 1169 2659 incendiis

189 2673 326 2749 undique
345 2677 551 2736 relucentibus
566 2675 705 2737 flammas
721 2693 776 2754 per
790 2680 970 2754 sanguinem
985 2679 1058 2754 lugi.
1086 2681 1168 2742 filias

188 2773 273 2817 meas
296 2760 365 2834 quis
380 2776 472 2820 casus
487 2760 612 2832 babeat,
633 2772 672 2820 an
693 2762 780 2837 peior
797 2764 918 2837 publico
933 2763 1049 2825 nescio.
1078 2766 1168 2829 solut

189 2849 219 2902 et
233 2843 336 2903 senior
347 2852 377 2905 et
387 2843 509 2906 hostllia
519 2842 601 2905 circa
612 2860 660 2905 me
671 2846 773 2906 omnia
785 2847 893 2907 videns
904 2855 1004 2908 tannen
1015 2847 1169 2924 integrum

186 2924 430 3003 incolumemque
444 2943 516 2990 esse
528 2943 653 2990 censum
667 2946 767 2991 meum
782 2932 941 3006 profiteora
952 2940 1052 3007 teneo,
1064 2933 1168 2995 babeo

160 3009 334 3085 equiequid
345 3012 404 3072 mei
414 3011 516 3073 habui.
539 3012 604 3073 Non
617 3015 757 3089 estquod
772 3032 821 3076 me
834 3016 944 3076 victum
956 3017 1169 3094 victoremque

188 3102 218 3154 tc
229 3094 352 3154 credas=
366 3095 439 3157 vicit
449 3097 569 3158 lortuna
582 3106 635 3158 tua
647 3098 797 3160 tartunam
809 3116 916 3161 meam.
939 3102 1058 3164 caduca
1070 3102 1126 3164 illa
1135 3108 1170 3165 et

189 3177 345 3238 dominum
364 3181 509 3240 mutantia
528 3181 579 3241 ubi
601 3182 664 3241 sint
683 3183 803 3242 nescio:
832 3185 915 3259 quod
942 3185 982 3246 ad
1007 3203 1059 3248 res
1079 3202 1169 3250 meas

158 3261 333 3334 spertinet,
347 3279 465 3324 mecum
482 3272 566 3337 sunt,
581 3280 700 3324 mecum
715 3275 811 3328 erunt.
838 3267 1041 3332 Perdiderunt
1053 3271 1106 3333 isti
1121 3271 1166 3333 di·

187 3343 266 3404 vites
282 3344 477 3421 patrimonia,
497 3347 651 3409 libidinosi
669 3365 788 3410 amores
804 3368 878 3414 suos
893 3360 924 3412 et
936 3369 1047 3430 magno
1062 3356 1167 3430 pudo·¹

186 3424 231 3488 ris
250 3427 395 3503 inpendio
415 3430 524 3492 dilecta
537 3438 658 3506 scorta,
678 3434 829 3496 ambitiosi
845 3435 960 3497 curiam
975 3446 1005 3499 et
1020 3439 1122 3501 lorum
1135 3448 1169 3503 et

187 3512 257 3573 loca
266 3513 448 3575 exercendis
459 3515 488 3574 in
501 3516 624 3590 publico
632 3517 711 3579 vitiis
722 3519 881 3581 destinata.
897 3522 1086 3585 teneratores
1095 3541 1169 3605 per·
