2438 3968
196 245 259 308 220
368 245 402 305 L.
412 233 570 305 ’ΆΝΝΑΕΙ
587 243 767 304 SENECAE
789 244 891 309 nmo.
913 244 963 304 XI.

198 413 233 459 se
253 396 428 456 vindicaret.
458 395 602 469 quamdiu
624 395 712 455 luerit
725 395 805 455 ullus
820 396 913 456 literis
927 396 1042 470 honor,
1065 412 1173 472 quarn-

84 544 88 553 ,
197 480 251 542 diu
265 480 381 541 steterit
394 485 446 539 aut
459 478 584 538 Latinae
598 479 721 554 linguae
737 478 871 554 potentia
887 488 939 541 aut
952 481 1087 540 Graecae
1101 495 1171 555 gra·

199 565 255 637 tia,
276 563 388 639 vigebit
409 579 478 623 cum
497 561 637 622 maximis
658 562 746 637 viriS,
768 577 897 638 quorum
920 579 954 623 se
976 564 1106 638 ingeniis
1125 564 1173 622 vel

200 647 325 709 eontulit
349 649 415 720 vel,
440 646 467 706 si
488 645 549 706 hoc
571 646 756 706 verecundia
776 647 842 706 eius
857 653 993 720 recusat,
1016 647 1175 722 adplicuit

172 734 266 811 tm]
288 732 354 791 Hoc
379 746 452 805 ergo
471 731 564 790 unum
585 729 780 805 excogitasti,
804 730 958 805 quomodo
981 732 1115 791 maxime
1130 730 1172 789 illi

201 831 313 890 posses
327 829 449 875 nocere.
471 831 531 888 quo
547 815 654 873 melior
668 814 747 873 enim
759 822 806 875 est
818 814 958 890 quisque,
975 814 1034 874 hoc
1047 815 1174 890 saepius

201 902 280 961 ferre
295 906 323 958 te
339 898 499 958 consuevit
512 897 579 957 sine
593 899 654 959 ullo
671 899 791 958 delectu
805 899 953 958 furentem
969 906 1000 957 et
1013 898 1093 957 inter
1105 899 1175 973 ipsa

200 981 351 1044 beneficia
370 982 572 1041 metuendam.
604 981 785 1054 Quantulum
807 989 871 1042 erat
889 982 942 1043 tibi
962 983 1119 1041 inmunem
1136 982 1177 1041 ab

201 1067 258 1126 bac
270 1066 377 1126 iniuria
389 1072 545 1141 praestare
557 1082 626 1125 eum
635 1065 797 1140 hominem,
809 1067 839 1126 in
852 1082 941 1140 quem
953 1066 1117 1126 videbatur
1127 1065 1173 1125 in·

202 1149 356 1224 dulgentia
371 1158 422 1210 tua
436 1149 553 1210 ratione
569 1156 652 1209 certa
664 1151 844 1225 pervenisse
857 1157 886 1209 et
898 1166 958 1210 non
970 1165 1009 1209 ex
1021 1156 1075 1209 tuo
1087 1165 1177 1209 more

202 1242 315 1295 temere
331 1233 525 1293 incidisse‘l“

173 1329 190 1384 1
266 1319 316 1377 ΙΙΙ.
338 1317 530 1389 Adimantus,
551 1315 578 1375 si
593 1317 655 1389 vis,
671 1318 711 1377 ad
725 1316 781 1377 has
797 1318 938 1393 querelas
954 1316 1053 1392 ipsius
1068 1317 1175 1375 adule-

204 1402 319 1463 scentis
342 1403 540 1474 interceptam
556 1400 633 1459 inter
647 1401 744 1475 prima
758 1401 943 1461 incrementa
957 1400 1108 1461 indolem:
1132 1399 1176 1458 di-

203 1503 283 1562 gnus
299 1486 354 1547 luit
367 1486 417 1545 ille
432 1492 461 1544 te
477 1486 577 1544 fratre.
606 1491 638 1543 tu
651 1492 732 1544 certe
747 1500 817 1545 eras
833 1485 1045 1559 dignissimus,
1068 1484 1122 1559 qui
1139 1497 1177 1540 ne

204 1573 244 1631 'tax
258 1571 382 1644 indigno
399 1569 520 1643 quidem
536 1569 700 1644 quicquam
715 1569 836 1629 doleres
853 1570 959 1628 fratre:
979 1567 1120 1628 redditur
1135 1565 1174 1627 illi

204 1653 409 1716 testimonium
433 1654 561 1726 aequale
582 1653 714 1712 omnium
735 1651 898 1712 hominum.
931 1652 1126 1712 desideratur
1146 1650 1175 1709 in

173 1746 192 1801 ἱ
206 1746 290 1799 tuum
304 1738 470 1810 honorem,
487 1737 625 1797 laudatur
638 1737 666 1795 in
683 1753 781 1797 suum.
804 1736 881 1796 Nihil
897 1739 927 1795 in
942 1736 992 1795 illo
1009 1736 1073 1808 luit,
1090 1734 1176 1810 quod

206 1837 268 1880 non
293 1820 419 1880 libenter
440 1835 636 1894 agnosceres.
664 1827 696 1879 tu
718 1821 840 1894 quidem
860 1819 949 1879 etiam
970 1819 1069 1879 minus
1091 1819 1176 1879 bono

207 1905 290 1964 tratri
305 1905 418 1964 luisses
433 1904 542 1975 bonus,
559 1905 615 1963 sed
630 1905 659 1962 in
674 1905 724 1964 illo
738 1905 835 1978 pietas
848 1911 899 1963 tua
911 1902 1073 1962 indoneam
1086 1910 1177 1962 nacta

207 1987 360 2048 materiam
376 1989 469 2047 multo
482 2003 516 2047 se
528 1986 652 2047 liberius
664 1989 807 2047 exercuit.
829 2003 918 2047 nemo
932 1988 1098 2062 potentiam
1110 1986 1178 2046 eius

207 2072 317 2132 iniuria
337 2070 447 2144 sensit,
469 2088 633 2145 numquam
653 2073 702 2130 ille
724 2079 754 2130 te
768 2072 889 2131 fratrem
905 2073 956 2131 ulli
972 2071 1104 2131 minatus
1120 2079 1176 2131 est.

208 2157 248 2217 ad
262 2156 436 2230 exemplum
452 2170 486 2214 se
498 2155 666 2215 modestiae
678 2162 747 2215 tuae
760 2157 942 2215 formaverat
952 2155 1177 2230 cogitabatque,

210 2248 355 2315 quantum
371 2245 425 2313 [tu]
443 2247 473 2300 et
494 2246 701 2298 oruamentum
716 2248 835 2299 tuorum
850 2254 937 2298 esses
953 2247 983 2299 et
997 2255 1094 2298 ouus=
1116 2239 1179 2298 sui-

179 2325 279 2392 sfecit
293 2324 343 2383 ille
359 2324 429 2383 huie
446 2323 594 2382 sarcinae.
617 2322 640 2382 0
656 2324 732 2383 dura
745 2323 803 2382 lata
818 2330 847 2382 et
861 2325 951 2383 nullis
970 2338 1070 2397 aequa
1086 2322 1178 2382 virtu·

208 2408 305 2469 tibus!
337 2416 499 2482 antequam
530 2407 700 2466 leticitatem
730 2423 816 2467 suam
840 2414 945 2467 nosset
972 2408 1063 2467 irater
1090 2413 1178 2478 tuus,

210 2499 370 2567 exemptus
386 2500 441 2552 est.
469 2491 577 2550 Parum
591 2499 691 2550 autem
706 2507 754 2550 me
769 2490 918 2565 indignari
934 2491 1008 2549 scio.
1043 2488 1119 2551 nihil
1135 2495 1181 2548 est

211 2574 289 2635 enim
312 2575 465 2635 difficilius
482 2590 571 2650 quam
587 2591 696 2649 magno
712 2575 810 2635 dolori
826 2573 911 2649 paria
925 2573 1019 2632 verba
1032 2574 1180 2647 reperire.

210 2659 379 2720 etiamnunc
400 2667 514 2731 tamen,
536 2657 563 2717 si
585 2658 658 2733 quid
676 2659 824 2732 proficere
841 2673 1020 2734 possumuS,
1044 2673 1180 2732 conque·

181 2748 325 2801 4ramur:
351 2742 456 2816 „Quid
480 2742 532 2802 tibi
554 2743 689 2815 voluisti,
714 2749 774 2801 tam
794 2742 905 2802 iniusta
925 2748 955 2800 et
971 2749 1031 2800 tam
1048 2741 1182 2802 violenta

212 2828 353 2885 iortunai
366 2833 425 2886 tam
442 2827 501 2887 cito
512 2834 541 2885 te
552 2826 755 2900 indulgentiae
766 2834 836 2886 tuae
849 2824 1014 2901 poenituit?
1030 2841 1113 2899 quae
1123 2823 1182 2884 ista

213 2909 375 2970 crudelitas
395 2916 464 2971 estt
486 2910 515 2969 in
536 2910 654 2970 medios
676 2911 782 2969 iratres
804 2909 939 2983 inpetum
961 2910 1063 2968 lacere
1076 2914 1109 2969 et
1122 2915 1182 2968 tam

213 3000 337 3054 cruenta
357 2993 465 3068 rapina
486 2993 758 3053 concordissimam
778 2994 895 3052 turbam
911 2992 1094 3064 inminuere,
1123 3001 1181 3052 tam

212 3078 291 3137 bene
306 3076 447 3152 stipatam
463 3077 645 3152 optimorum
657 3077 896 3136 adulescentium
909 3077 1040 3148 domum,
1056 3076 1087 3134 in
1099 3076 1183 3135 nullo

213 3161 304 3220 fratre
325 3162 573 3236 degenerantem,
595 3160 717 3222 turbare
737 3166 767 3220 ct
781 3161 848 3221 sine
861 3162 922 3219 ulla
936 3176 1031 3220 causa
1047 3157 1184 3219 delibare

185 3244 358 3304 ovoluistit
383 3245 461 3304 Nihil
476 3261 548 3319 ergo
566 3245 692 3319 prodest
706 3242 878 3304 innocentia
893 3244 931 3303 ad
949 3259 1068 3304 omnem
1084 3242 1185 3318 legem

214 3334 336 3397 exacta,
360 3327 433 3386 nihil
454 3327 578 3406 antiqua
600 3327 771 3402 irugalitas,
792 3327 867 3387 nihit
881 3326 1031 3387 felicitatis
1046 3342 1186 3386 summae

215 3410 364 3484 potentia,
380 3411 498 3471 summa
511 3419 692 3474 conservata
704 3410 901 3483 abstinentia,
916 3410 988 3470 nihil
1003 3411 1145 3470 sincerus
1158 3420 1187 3470 et

214 3501 296 3554 tutus
318 3493 469 3555 literarum
490 3512 589 3570 amor,
612 3494 686 3555 nihil
707 3496 744 3556 ab
766 3495 847 3556 omni
863 3495 931 3555 labe
946 3510 1032 3556 mens
1047 3500 1189 3556 vacans?
