2438 3968
258 233 358 294 DlAL.
379 234 416 290 V.
440 232 490 291 DE
508 233 577 293 IRA
596 233 667 294 LIB.
685 235 734 291 ΙΙΙ.
756 241 841 295 3-5.
992 233 1036 296 83

66 384 172 443 lautia:
202 384 332 442 ferarum
347 381 553 457 mehercules,
574 383 640 442 sive
663 382 729 442 illas
744 384 839 444 tames
860 385 952 460 agitat
971 387 1066 449 siveo

66 468 193 527 miluum
211 466 378 526 visceribus
393 466 518 536 ierrum,
546 466 644 526 minus
663 472 737 526 tetra
752 468 845 528 iacies
859 476 921 542 est,
946 470 1035 529 etiam

66 566 136 612 cum
156 559 330 611 venatorem
351 566 438 609 suum
460 549 653 610 semianimes
670 566 775 610 morsu
797 551 899 630 ultimo
920 560 1034 627 petunt,

66 651 158 710 quam
171 633 303 695 hominis
318 634 365 693 ira
379 632 546 707 flagmnm.
581 649 652 709 age,
675 634 702 694 si
722 635 869 694 exaudire
891 651 983 696 voces
999 653 1035 698 ac

10 716 14 722 ’
64 718 164 779 minas
178 723 276 792 vacet,
290 717 391 793 qualia
401 715 606 777 excarnificati
619 718 709 777 animi
719 719 814 778 verba
825 725 919 778 suntt
930 719 1065 784 Nonnet

66 817 212 862 revocare
232 817 268 861 sc
286 802 419 877 quisque
433 801 471 860 ab
491 801 536 860 ira
550 803 647 874 volet,
669 817 738 861 cum
758 801 939 863 intellexerit
955 803 1036 862 illam

66 903 84 946 a
105 902 162 947 suo
181 887 305 962 primum
328 886 408 944 malo
429 882 585 959 inciperet
611 901 674 944 uon
691 886 739 944 uls
761 901 835 960 ergo
856 887 1035 947 admoneam

65 985 137 1041 eos,
162 970 213 1043 qui
233 970 308 1028 iram
328 984 446 1028 summa
467 967 603 1042 potentia
622 977 765 1030 exercent
785 976 815 1028 ct
829 978 1035 1044 argumentum

66 1052 174 1113 virium
193 1052 366 1112 existimant
386 1051 467 1112 etin
487 1052 606 1127 magnis
632 1069 760 1128 magnae
784 1054 922 1113 fortunae
945 1054 1035 1115 bonis

66 1144 182 1213 ponunt
195 1142 332 1212 paratam
345 1136 503 1211 ultionem,
528 1152 618 1210 quam
631 1153 692 1197 non
713 1137 775 1210 [sit]
796 1144 918 1212 potens,
944 1139 1034 1198 immo

65 1236 103 1280 ne
122 1221 199 1280 liber
221 1220 345 1295 quidem
368 1220 428 1280 dici
449 1220 549 1294 possit
568 1219 630 1280 irae
652 1237 726 1283 suae
749 1229 878 1297 captust
907 1239 967 1282 non
986 1222 1062 1283 viso

65 1304 259 1376 admoneam,
276 1320 336 1378 quo
352 1304 522 1379 diligentior
537 1304 667 1380 quisque
681 1306 721 1363 sit
733 1312 762 1364 et
776 1305 843 1379 ipse
860 1321 894 1365 se
907 1307 1034 1365 circum-

10 1389 12 1396 '
65 1389 188 1463 spiciam,
210 1385 270 1447 alia
284 1388 374 1446 animi
393 1390 473 1446 mala
492 1388 531 1447 ad
547 1389 698 1462 pessimos
720 1404 861 1463 quosque
875 1389 1033 1462 pertinere,

64 1471 251 1531 iracundiam
269 1471 357 1530 etiam
378 1469 504 1530 eruditis
525 1471 697 1532 hominibus
719 1473 794 1532 etin
817 1472 876 1531 alia
891 1473 975 1532 sanis
990 1472 1035 1530 in·

10 1560 25 1628 ζ
63 1562 193 1631 reperet
223 1554 301 1614 adeo
325 1561 359 1614 ut
380 1554 503 1630 quidam
525 1554 724 1629 simplicitatis
750 1555 895 1615 indicium
916 1555 1034 1616 iracun-

64 1641 143 1701 diam
171 1639 271 1698 dicant
298 1645 328 1701 et
353 1640 443 1713 volgo
469 1638 610 1699 credatur
630 1637 788 1699 facillimus
815 1640 945 1715 quisque
965 1639 1034 1699 huic

64 1723 225 1783 obnoxius.

10 1880 12 1885 ³
126 1809 164 1865 V.
196 1805 370 1879 ,‚Quorsus‚
391 1805 507 1880 laquie,
532 1805 591 1865 hoc
614 1805 787 1880 pertinett“
822 1806 861 1867 Ut
884 1822 973 1866 nemo
999 1819 1060 1872 sel

63 1891 174 1951 iudicet
188 1895 282 1950 tutum
298 1889 336 1949 ab
349 1890 415 1963 illa,
438 1904 507 1949 cum
528 1890 612 1948 lenes
629 1905 752 1964 quoque
767 1895 873 1949 natura
894 1897 923 1950 et
940 1891 1034 1965 placi·

65 1977 122 2035 dos
144 1974 175 2034 in
197 1975 355 2034 saevitiam
375 1988 410 2032 ac
427 1970 600 2034 violentiam
616 1980 732 2032 evocet.
771 1972 1033 2046 Quemadmodum

62 2060 211 2119 adversus
232 2057 434 2133 pestilentiam
453 2057 527 2116 nihil
547 2057 672 2131 prodest
697 2055 821 2116 firmitas
843 2058 982 2132 corporis
1003 2065 1033 2117 et

62 2142 191 2217 diligens
207 2139 380 2201 valitudinis
394 2156 480 2213 cura,
503 2141 676 2216 promiscue
692 2138 770 2198 enim
787 2140 927 2201 inbecilla
940 2142 1031 2202 robu-

64 2233 172 2301 staque
195 2225 324 2285 invaditz
347 2223 389 2284 ita
409 2224 447 2284 ab
464 2225 509 2284 ira
529 2230 589 2283 tam
603 2222 746 2300 inquietis
761 2225 897 2284 moribus
912 2226 1031 2299 pericu-

63 2311 124 2369 lum
143 2317 191 2370 est
211 2325 302 2384 quam
320 2308 488 2383 conpositis
509 2315 540 2368 et
553 2305 706 2379 remissis,
729 2307 839 2381 quibus
861 2323 898 2368 eo
915 2308 1033 2383 turpior

62 2409 98 2452 ac
118 2393 397 2469 periculosiorem,
423 2407 485 2466 quo
505 2392 575 2466 plus
594 2393 623 2450 in
644 2390 703 2452 illis
719 2397 821 2450 mutat.
856 2389 930 2450 Sed
952 2397 1060 2450 cunia

63 2477 219 2551 primum
249 2476 301 2537 sit
329 2491 402 2535 non
434 2474 570 2548 irasci,
600 2474 808 2534 secundum
836 2473 1030 2548 detinere,

10 2562 12 2567 ’
61 2561 217 2621 tertium
248 2560 399 2619 alienae
430 2575 584 2633 quoque
615 2558 694 2616 irae
718 2557 878 2630 mederi,
909 2558 1030 2616 dicam

62 2644 234 2720 primum,
258 2642 574 2718 quemadmodum
601 2643 637 2700 in
668 2639 760 2699 iram
786 2657 859 2700 non
880 2641 1030 2701 incida·

61 2724 1029 2802 mus,deindequemadmodumnosabillalibere-

60 2828 156 2883 mus,
192 2809 408 2870 novissime
447 2809 762 2883 quemadmodum
793 2808 1029 2868 irascentem

59 2896 297 2955 retineamus
317 2895 593 2968 placemusque
618 2897 654 2952 et
673 2890 719 2951 ad
742 2889 949 2952 sanitatem
968 2907 1027 2951 re·

10 2976 12 2989 ²
60 2980 256 3039 ducamus.

120 3062 165 3122 Ne
180 3062 347 3123 irascamur
362 3059 599 3135 praestabimus,
617 3058 644 3118 si
660 3059 760 3119 omnia
775 3058 847 3118 vitia
860 3058 924 3118 irae
939 3057 1055 3119 nobisd

10 3150 14 3160 '
61 3146 192 3207 subinde
220 3143 472 3221 proposuerimus
497 3150 527 3203 et
550 3143 629 3203 illam
653 3142 731 3202 bene
756 3142 1026 3203 aestimaverimus.

60 3230 235 3290 accusanda
252 3237 299 3291 est
319 3228 400 3304 apud
415 3243 489 3300 nos,
511 3226 692 3287 damnanda.
727 3226 946 3300 perscrutanda
959 3224 1027 3287 eius

60 3315 140 3374 mala
155 3321 184 3374 et
198 3314 228 3375 in
241 3313 374 3374 medium
387 3311 591 3387 protrahenda
604 3317 683 3370 sunt.
717 3310 756 3371 Ut
770 3311 868 3384 qualis
880 3309 920 3370 sit
932 3311 1054 3384 adpo-t

56 3405 138 3471 reat,
163 3396 359 3472 conparanda
373 3411 442 3456 cum
457 3394 599 3471 pessimis
615 3401 676 3454 est:
706 3394 831 3455 avaritia
849 3394 977 3470 acquirit
997 3401 1027 3454 et

59 3481 225 3556 contrahit,
247 3498 308 3557 quo
326 3478 435 3555 aliquis
451 3479 557 3539 melior
571 3485 686 3540 utatur:
712 3480 757 3539 ira
769 3483 869 3595 [qttoq
884 3477 1026 3550 incendit,
