2438 3968
267 241 319 300 DE
335 239 554 302 Bauvltffl
568 238 696 298 VITAE.
718 244 816 300 7-9.
968 235 1029 298 205

64 411 99 456 se
124 394 206 470 regis
230 393 373 469 imperio,
401 409 463 453 non
484 393 588 452 favore
609 390 717 466 popuii
739 392 859 466 longius
880 393 1029 468 proteret:

65 481 143 540 sicut
157 478 252 537 missa
266 487 314 538 est
329 493 348 537 a
364 477 459 552 primo
475 477 539 549 die,
555 483 663 536 curret.
686 491 836 550 nusquam
848 477 1029 550 devertatur,

64 578 217 637 nusquam
229 560 438 620 remorabitur.
472 560 549 633 Quid
569 560 643 620 fieti
667 567 700 621 tu
714 567 881 634 occupatus
896 575 946 633 es,
968 561 1031 620 vita

64 648 201 706 festinat:
228 662 313 705 mors
332 644 449 704 interim
471 644 581 715 aderit,
609 645 670 716 cui,
698 643 774 703 veiis
797 644 890 718 nolis,
918 659 1029 704 vacan-

63 732 135 790 dum
152 737 207 790 est.
234 728 377 789 Potestne
392 729 555 804 quicquam
567 733 632 785 -t
650 725 666 765 *
682 726 728 765 **

129 855 176 914 [X.
211 853 327 914 Sensus
349 855 519 924 hominum,
540 868 645 913 eorum
660 853 744 925 dico,
769 853 821 928 qui
838 853 1056 928 prudentiaml

65 941 184 1010 iactant,
197 939 360 1014 operosius
373 936 514 1012 occupati
526 943 610 997 sunt:
624 944 658 997 ut
668 937 775 997 meiius
786 936 908 1011 possint
917 937 1030 1013 vivere,

64 1023 209 1098 inpendio
231 1022 309 1083 vitae
328 1021 420 1082 vitam
434 1022 597 1095 instruunt,
618 1020 817 1096 cogitationes
832 1037 907 1082 suas
920 1021 951 1081 in
965 1022 1031 1081 lon·

64 1123 136 1182 gum
151 1107 300 1167 ordinant.
329 1104 493 1165 Maxima
512 1121 627 1180 porro
644 1103 750 1166 vitae
767 1102 919 1166 iactura
934 1104 1032 1166 diia-

64 1192 117 1251 tio
140 1197 213 1250 est:
243 1189 293 1249 illa
307 1191 436 1265 primum
452 1204 604 1264 quemque
619 1188 748 1250 extrahit
761 1188 858 1263 dem,
878 1188 929 1249 illa
943 1187 1033 1265 eripit

65 1275 253 1350 praesentia,
282 1275 353 1334 dum
374 1274 516 1334 ulteriora
537 1272 688 1347 promittit
721 1273 885 1333 maximum
909 1273 1031 1333 vivendi

65 1359 303 1434 inpedimentum
317 1365 365 1418 est
379 1357 583 1431 exspectatio,
607 1371 686 1432 quae
707 1357 821 1432 pendet
834 1371 873 1416 ex
888 1356 1031 1430 crastino,

66 1443 167 1517 perdit
188 1442 382 1503 hodiernum:
411 1441 494 1516 quod
514 1440 544 1499 in
566 1456 657 1500 uranu
672 1441 810 1501 fortunae
826 1439 957 1515 positum
975 1446 1030 1512 est,

66 1525 220 1601 disponis,
248 1525 332 1601 quod
352 1523 382 1584 iu
404 1532 469 1597 tua,
496 1522 628 1584 dimittis.
669 1523 734 1597 Quo
756 1531 893 1599 spectum
921 1541 981 1600 quo
1002 1532 1032 1586 te

65 1609 228 1669 extendis?
257 1607 357 1670 omnia
380 1623 458 1683 quae
480 1613 606 1667 ventura
626 1614 712 1679 suut,
735 1608 765 1666 in
787 1606 902 1668 incerto
916 1609 1030 1670 iacent:

67 1693 205 1768 protinus
216 1693 296 1752 vive.
329 1691 442 1753 clamat
452 1706 525 1752 ecce
536 1691 686 1752 maximus
697 1699 782 1751 vates
795 1698 826 1752 et
834 1693 917 1754 velut
928 1691 1030 1754 divino
1043 1700 1060 1753 2

67 1793 120 1838 ore
134 1775 294 1837 instinctus
310 1775 442 1837 salutare
457 1792 577 1835 carmen
594 1775 687 1836 canit:

169 1885 279 1957 apaan
292 1899 423 1957 preceque
436 1883 498 1942 dies
512 1884 626 1941 miseris
640 1882 811 1947 mortalibus
823 1885 889 1943 aeui

163 1970 267 2042 prima
277 1966 367 2040 sapit.

67 2071 144 2145 Quid
160 2072 324 2145 cunctaris,
343 2071 454 2145 inquit,
470 2069 545 2144 quid
559 2077 686 2130 cessas?
707 2070 766 2130 nisi
781 2085 932 2145 occupas,
947 2069 1031 2143 rugia

65 2164 97 2215 et
114 2171 182 2216 cum
199 2156 413 2230 occupaveris,
435 2161 534 2213 tumen
551 2154 653 2229 fugiet.
676 2156 779 2230 itaque
796 2171 865 2215 cum
880 2153 1032 2213 celeritate

66 2240 212 2313 temporis
232 2238 336 2300 utendi
352 2239 512 2299 velocitate
527 2239 703 2298 cermndum
716 2247 765 2298 est
778 2247 809 2299 et
820 2239 904 2298 vetut
917 2251 956 2295 ex
970 2244 1031 2296 tor·

66 2323 143 2382 renti
157 2322 265 2397 rapido
280 2337 337 2383 nec
351 2337 474 2397 semper
483 2323 561 2382 ituro
574 2322 632 2381 cito
643 2322 851 2382 hauriendum.
879 2322 946 2380 Hoc
957 2336 1060 2394 quo-3

69 2421 128 2479 que
140 2405 340 2480 pulcherrime
350 2407 391 2466 ad
402 2405 646 2480 exprobrandam
657 2404 1031 2479 infinitamcogitationem,

68 2490 153 2563 quod
169 2505 230 2548 non
247 2489 426 2564 optimam
448 2505 637 2564 quamque
656 2494 834 2562 aetatem,
857 2487 914 2548 sed
935 2486 1032 2546 diem

65 2571 149 2632 dicit.
168 2573 244 2646 quid
258 2587 387 2633 secutus
401 2582 431 2634 et
443 2573 474 2632 in
484 2579 566 2632 tanta
577 2580 746 2647 temporum
757 2573 829 2647 iuga
838 2574 939 2632 lentus
949 2584 1031 2629 men-

67 2672 120 2715 ses
141 2655 194 2716 tibi
213 2663 243 2716 et
257 2671 354 2716 annos
374 2665 406 2717 et
425 2658 545 2730 longam
566 2655 690 2730 seriem,
715 2663 881 2731 utcumque
897 2654 1032 2714 aviditati

67 2749 137 2799 tuae
152 2741 250 2800 visum
265 2747 326 2811 est,
349 2740 542 2814 exporrigis?
560 2741 600 2799 de
614 2739 675 2799 die
690 2748 787 2799 tecum
801 2739 934 2815 loquitur
949 2738 1032 2800 etde

66 2825 127 2884 hoc
146 2825 216 2898 ipso
237 2823 380 2897 fugiente.
413 2824 479 2883 Non
502 2824 627 2884 dubium
642 2831 690 2884 est
708 2839 796 2898 ergo,
819 2823 891 2898 quin
911 2824 1060 2898 prima4

68 2923 246 2982 quaeque
267 2906 410 2980 optima
431 2906 517 2967 dics
537 2908 904 2982 fugiatmortaiibus
920 2908 1030 2966 mise·

66 2992 135 3065 ils,
157 2991 253 3051 idest
271 2991 492 3065 occupatis:
514 3007 642 3064 quorum
656 2991 789 3065 pueriles
801 2990 901 3051 adhuc
912 2990 1031 3050 animos

66 3082 209 3135 senectus
231 3072 388 3150 opprimit,
412 3075 451 3133 ad
467 3091 557 3149 quam
571 3076 701 3150 inparati
714 3075 910 3148 inermesque
923 3088 1032 3149 perve-

67 3158 161 3222 aiunt.
194 3159 267 3218 nihil
287 3159 366 3217 euim
384 3158 540 3233 provisum
560 3166 622 3218 est:
652 3157 752 3218 subito
768 3158 797 3217 iu
812 3159 893 3218 iiiam
907 3157 1031 3231 necopi-

69 3251 175 3303 nantes
190 3244 370 3303 inciderunt.
405 3242 552 3302 accedere
567 3257 632 3302 earn
649 3241 760 3302 cotidie
775 3258 835 3301 non
851 3241 1030 3303 sentiebant

68 3326 327 3400 Quemadmodum
350 3336 402 3388 aut
422 3341 522 3387 sermo
541 3324 693 3386 autiectio
709 3326 877 3400 natalique
891 3325 1059 3388 intendore

66 3410 210 3484 cogitatio
223 3410 281 3471 iter
295 3411 433 3472 facientis
448 3409 558 3484 decipit
572 3417 602 3468 et
616 3410 796 3484 pervenisse
805 3425 840 3469 se
851 3418 922 3471 ante
932 3411 1032 3470 sciunt

67 3510 159 3569 quam
174 3495 456 3570 adpropinquasse:
479 3494 524 3553 sic
538 3494 597 3553 hoc
612 3494 668 3552 iter
681 3494 761 3553 vitae
775 3494 936 3554 adsiduum
948 3500 978 3554 et
990 3493 1031 3552 ci-
