2438 3968
88 224 368 288 coutumeliam
380 225 569 287 accubitu
585 225 810 288 SAPIENTEM.
831 227 978 288 vll-ut.
999 225 1040 289 2⁵

67 397 158 442 suum
173 379 294 441 fortuna
308 377 474 453 consumit,
498 394 599 454 aequo
614 373 799 457 placidoque
812 383 912 443 animo
928 381 1040 458 accipi·

69 469 183 526 mus-et
197 461 312 523 scimus
326 470 453 524 mortem
467 464 578 523 malum
593 480 654 524 non
669 479 755 537 esse,
782 465 821 526 ob
836 466 895 528 hoc
910 481 949 525 ne
963 464 1039 527 iniu-

70 549 145 610 riam
169 547 308 623 quidem:
332 549 426 608 multo
448 546 566 607 facilius
587 547 646 608 alia
665 547 860 609 tolerabimus
882 550 992 609 damna
1012 556 1042 609 et

68 633 202 705 dolores,
228 630 417 706 ignominias,
445 631 583 692 locorum
598 632 857 705 commutationes,
886 632 1040 705 orbitates,

67 714 207 787 discidia,
222 730 302 789 quae
315 715 493 790 sapientem,
505 714 594 775 etiam
606 714 633 774 si
643 713 787 775 universa
799 716 1041 788 circumveniant,

67 816 129 860 non
144 806 296 874 mergunt,
310 799 422 858 nedum
437 805 470 858 ut
483 799 523 858 ad
538 798 726 874 singulorum
740 798 881 875 inpulsus
896 806 1040 860 moereat.

67 883 106 944 tit
118 882 146 943 si
161 884 299 942 fortunae
313 881 438 942 iniurias
452 882 607 943 moderate
622 884 687 956 lert,
708 889 821 957 quanto
837 882 933 958 magis
947 881 1042 945 homi·

69 984 140 1028 num
156 965 332 1042 potentium,
350 981 428 1042 quos
443 967 502 1027 seit
515 968 654 1027 fortunae
669 983 778 1027 manus
794 973 887 1028 esset

130 1050 180 1110 lX.
213 1048 320 1111 Omnia
334 1050 437 1125 itaque
454 1049 500 1110 sic
514 1050 624 1126 patitur
638 1059 670 1110 ut
685 1048 793 1112 hiemis
809 1051 941 1125 rigorem
955 1057 985 1111 et
998 1049 1041 1110 iu·
1057 1068 1073 1118 l

69 1132 298 1211 temperantiam
310 1133 396 1206 coefi,
411 1141 444 1193 ut
457 1134 595 1195 fervores
610 1135 797 1210 morbosque
815 1141 845 1195 et
855 1142 955 1195 cetera
965 1136 1042 1195 forte

69 1217 251 1291 accidentia,
276 1233 333 1278 nec
354 1218 393 1278 de
415 1233 570 1292 quoquam
591 1226 649 1278 tam
664 1218 742 1278 bene
757 1219 883 1290 iudicat,
913 1227 946 1280 ut
959 1219 1041 1278 illum

71 1301 235 1378 quicquam
258 1307 342 1377 putet
361 1301 488 1362 consilio
509 1301 636 1373 fecisse,
667 1302 750 1376 quod
770 1301 800 1360 in
821 1319 883 1363 uno
904 1303 1043 1377 sapiente

69 1392 125 1447 est.
148 1385 277 1446 aliorum
291 1386 423 1444 omnium
438 1401 499 1445 non
515 1384 653 1459 consilia,
664 1386 722 1445 sed
732 1385 856 1444 fraudes
871 1394 901 1445 et
914 1385 1043 1445 insidiae

70 1478 101 1530 et
114 1475 216 1529 motus
231 1467 399 1528 animorum
411 1467 556 1528 inconditi
571 1474 649 1541 sunt,
669 1484 749 1543 quos
764 1467 886 1528 casibus
898 1468 1043 1528 adnume-

68 1561 125 1614 rat
161 1567 251 1613 omne
276 1559 376 1612 autem
402 1551 555 1612 fortuitum
580 1551 662 1611 circa
682 1567 739 1612 nos
754 1552 851 1612 saevit
865 1558 896 1610 et
914 1551 944 1611 in
963 1551 1043 1619 vitia.

68 1636 148 1696 lllud
168 1650 293 1710 quoque
313 1633 438 1709 cogitat,
463 1632 638 1695 iniuriarum
659 1635 807 1695 latissime
827 1644 932 1710 patero
951 1641 1079 1694 mate-t

69 1721 146 1779 riam
160 1718 228 1791 illis,
245 1733 301 1793 per
314 1734 394 1793 quae
408 1718 573 1793 periculum
587 1717 675 1778 nobis
692 1718 862 1794 quaesitum
877 1725 932 1791 est,
946 1724 980 1779 ut
994 1734 1043 1777 ac·

70 1801 213 1864 cus'atore
232 1802 387 1862 submisso
408 1809 459 1862 aut
478 1800 685 1863 criminatione
705 1802 783 1862 falsa
802 1809 854 1863 aut
873 1802 999 1863 inritatis
1013 1801 1042 1860 in
1130 1812 1132 1816 ⁴

17 1961 19 1966 Ι
72 1903 129 1948 nos
151 1885 353 1961 potentiorum
375 1885 523 1958 motibus,
549 1901 692 1960 quaeque
706 1884 764 1946 alia
778 1885 856 1945 inter
869 1884 1043 1959 togatosla-

70 1970 197 2031 troeiuia
211 1976 290 2030 sunt.
327 1976 417 2029 estet
442 1968 493 2029 illa
507 1969 615 2028 iniuria
630 1971 790 2045 frequens,
813 1969 840 2028 si
860 1971 976 2029 lucrum
992 1968 1043 2028 ali-

70 2055 158 2114 cuius
173 2069 338 2114 excussum
350 2061 398 2113 est
412 2060 464 2114 aut
478 2053 643 2128 praemium
658 2053 710 2113 diu
723 2059 883 2127 captatum,
896 2052 922 2112 si
934 2068 1043 2127 anagnu

69 2138 174 2197 labore
188 2136 340 2197 adfectata
354 2136 506 2198 hereditas
522 2152 632 2196 aversa
647 2144 694 2195 est
713 2144 744 2196 et
763 2144 969 2210 quaestuosae
989 2135 1042 2195 do·
1150 2171 1154 2180 ·

69 2237 138 2281 mus
151 2222 247 2296 gratia
262 2228 381 2296 erepta=
404 2221 480 2280 haec
495 2220 599 2294 effugit
615 2221 749 2295 sapiens,
765 2220 815 2294 qui
831 2220 929 2281 nescit
943 2234 1000 2279 nec
1014 2220 1044 2278 in

70 2320 159 2379 spem
173 2304 275 2364 necin
289 2313 401 2366 metum
419 2306 531 2364 vivere.
566 2303 664 2364 Adice
691 2318 772 2363 nunc
798 2304 881 2378 quod
907 2302 1076 2366 iniuriam-⁹»

70 2404 161 2449 nemo
183 2388 297 2448 inmota
317 2397 416 2448 mente
432 2388 557 2462 accipit,
582 2388 639 2447 sed
653 2388 693 2446 ad
708 2403 833 2447 sensum
847 2386 915 2446 eius
931 2391 1045 2460 pertur-

73 2471 168 2532 batur.
203 2479 286 2531 caret
306 2479 406 2532 autem
421 2471 646 2547 perturbatione
663 2471 710 2530 vir
724 2478 853 2531 erectus.
890 2466 1045 2528 erroribus

70 2555 244 2616 moderatur
258 2557 323 2615 suis
337 2557 416 2615 altae
432 2554 542 2629 quietis
556 2563 586 2614 et
600 2554 747 2629 placidae.
780 2553 889 2613 namsi
904 2552 999 2626 tangit
1011 2550 1045 2610 il-

70 2642 131 2699 lum
146 2637 264 2711 iniuria,
280 2647 310 2700 et
324 2646 425 2699 movet
439 2646 470 2699 et
484 2639 608 2713 inpedit.
641 2645 723 2697 earet
737 2645 837 2698 autem
852 2636 896 2695 ira
911 2635 1045 2712 sapiens,

72 2739 164 2798 quam
185 2723 296 2782 excitat
315 2722 440 2782 iniuriae
465 2723 601 2797 species,
623 2737 680 2781 nee
694 2721 781 2781 aliter
796 2729 912 2780 careret
925 2719 970 2780 ira
987 2719 1046 2780 nisi

70 2815 100 2867 et
114 2805 238 2880 iniuria,
265 2822 355 2881 quam
370 2806 428 2866 scit
443 2806 501 2866 sibi
515 2821 575 2866 non
591 2821 687 2881 posse
702 2804 783 2865 fieri:
811 2804 882 2864 inde
898 2812 957 2865 tam
980 2819 1045 2863 ere-

70 2898 138 2950 ctus
152 2892 313 2964 laetusque
327 2897 382 2961 est,
398 2889 468 2949 inde
485 2889 627 2949 continuo
642 2888 754 2963 gaudio
770 2890 876 2949 elatus.
899 2888 977 2947 adeo
993 2903 1045 2946 au·

68 2982 132 3035 tem
155 2974 195 3034 ud
221 2974 408 3034 offensiones
428 2986 528 3032 rerum
542 2973 759 3047 hominumque
774 2989 835 3033 non
850 2970 1044 3042 contrahitur,

69 3066 103 3119 ut
124 3057 192 3133 ipsa
206 3058 248 3118 illi
262 3058 370 3118 iniuria
384 3057 452 3117 usui
471 3055 524 3130 sit,
555 3073 609 3130 per
628 3073 719 3131 quam
738 3056 977 3131 experimentum
998 3054 1046 3113 sui

70 3141 155 3216 capit
169 3148 199 3200 et
214 3141 352 3201 virtutem
367 3148 499 3216 temptat.
534 3140 719 3211 Faveamus,
741 3140 871 3200 obsecro
888 3156 960 3211 vos,
975 3138 1046 3197 huie
1061 3147 1078 3198 e

69 3224 232 3302 proposito
248 3225 418 3300 aequisque
439 3234 469 3284 et
488 3225 595 3285 animis
610 3233 641 3284 et
655 3224 779 3284 auribus
796 3223 949 3296 adsimuS,
973 3221 1046 3282 dum

69 3310 196 3385 sapiens
211 3310 336 3369 iniuriae
350 3309 514 3384 excipitur:
529 3325 587 3371 nec
599 3309 762 3384 quicquam
773 3309 851 3368 adeo
864 3305 1047 3383 petulantiae

69 3400 191 3455 vestrae
209 3401 260 3454 aut
279 3392 487 3467 rapacissimis
509 3392 723 3469 cupiditatibus
738 3400 789 3453 aut
803 3407 914 3453 caecae
928 3387 1045 3451 temeri-

69 3477 123 3538 tati
139 3476 366 3553 superbiaeque
381 3477 554 3537 detrahitur.
576 3477 670 3536 salvis
686 3475 764 3537 vitiis
781 3476 890 3537 vestris
905 3475 982 3536 baec
996 3488 1045 3534 sa·
