2438 3968
274 236 327 295 nt)
352 236 535 298 SERENUM
556 238 607 297 DE
628 238 725 299 0r10.
745 248 832 301 Η.
981 238 1044 304 167
1122 258 1128 272 ’

64 401 200 453 naturam
216 390 334 450 vivere:
357 397 494 450 natura
515 407 584 451 nos
606 392 651 451 ad
671 399 874 468 utrumque
894 393 1041 468 genuit,

62 483 100 536 et
122 475 446 549 contemplationi
466 490 591 535 rerum
607 476 811 537 etactioni.
853 483 918 550 [32]
940 478 1043 540 Nune

58 562 221 638 primam
246 558 467 633 probemus,
504 560 604 632 quod
631 559 739 633 prius
765 561 1041 634 praediximus.

63 644 142 718 Quid
163 649 279 718 porro?
306 642 365 701 hoe
386 660 447 703 non
468 643 525 702 erit
540 643 700 718 probatum
707 643 720 716 ,’
736 643 763 703 si
778 659 813 703 se
827 646 1043 722 unusquIsque

63 728 265 797 consuluerit,
289 734 431 801 quantam
453 726 626 801 cupidinem
641 726 751 787 habeat
766 727 871 802 ignota
885 729 1041 805 noscendi,

63 829 157 888 quam
176 812 216 870 ad
237 811 335 871 omnis
357 811 476 872 fabulas
497 813 666 870 excitetur?
698 811 848 886 Navigant
869 811 993 886 quidam
1013 820 1072 878 eta

63 897 185 956 labores
200 895 454 969 peregrinationis
475 895 672 969 longissimae
692 912 754 955 una
773 896 914 955 mercede
932 912 1041 973 perpe-

61 981 175 1041 tiuntur
196 979 406 1053 cognoscendi
426 978 540 1055 aliquid
562 980 696 1040 abditum
716 989 938 1055 remotumque.
965 981 1042 1041 haec

62 1081 114 1124 res
128 1065 167 1124 ad
183 1064 361 1137 spectacula
375 1063 509 1138 populos
525 1063 682 1135 contrahit,
698 1063 775 1135 haec
788 1063 870 1138 cogit
879 1065 1043 1140 praeclusa

61 1148 173 1219 rimari,
189 1147 356 1207 secretiora
370 1147 541 1222 exquirere,
556 1147 750 1222 antiquitates
765 1148 924 1219 evolvere,
939 1165 1042 1211 mores

61 1233 258 1292 barbararum
272 1231 377 1291 audire
392 1233 535 1305 gentium.
558 1230 718 1292 Curiosum
732 1231 822 1292 nobis
836 1239 945 1292 nutura
958 1233 1072 1307 inge-3

62 1319 145 1376 nium
169 1316 252 1375 dedit
276 1324 306 1374 et
327 1316 402 1375 artis
422 1315 481 1375 sibi
502 1331 538 1374 ac
562 1314 796 1389 pulchritudinis
821 1331 897 1376 suae
918 1316 1043 1377 conseia

63 1407 255 1475 spectatores
277 1415 334 1459 nos
356 1398 447 1459 tantis
469 1414 572 1458 rerum
590 1397 778 1473 spectaculis
798 1399 914 1473 genuit,
940 1400 1041 1475 perdi·

62 1493 130 1544 tura
146 1485 274 1543 fructum
291 1483 353 1552 sui,
372 1483 399 1542 si
413 1491 474 1543 tam
488 1497 615 1556 magna,
633 1490 692 1542 tarn
707 1484 803 1556 clara,
819 1489 879 1542 tam
895 1483 1043 1543 subtiliter

64 1568 170 1638 dueta,
194 1576 255 1626 tam
280 1567 374 1626 nitida
394 1572 424 1626 et
444 1583 506 1626 non
527 1582 588 1626 uno
603 1581 716 1640 genere
731 1567 867 1626 formosa
886 1566 1042 1628 solitudini

64 1652 248 1711 ostenderet.
277 1650 316 1710 Ut
331 1651 412 1710 scias
432 1651 513 1709 illam
528 1650 660 1723 spectari
674 1651 825 1724 voluisse,
852 1668 912 1711 non
926 1658 1073 1714 tantumt

64 1735 198 1809 auspici,
223 1734 292 1794 vide
312 1748 402 1808 quem
425 1734 514 1794 nobis
534 1735 634 1794 locum
655 1734 787 1794 dederit:
809 1735 840 1794 in
861 1733 1041 1795 medianos

63 1819 112 1880 sui
129 1825 214 1895 parte
226 1818 381 1879 constituit
391 1824 422 1877 et
434 1817 687 1893 circumspectum
700 1817 833 1879 omnium
845 1818 935 1880 uobis
947 1817 1041 1880 dedit

63 1920 120 1964 nec
136 1904 233 1962 erexit
246 1903 455 1962 tantummodo
470 1901 631 1976 hominem,
647 1902 808 1983 sedetiam
821 1903 952 1963 habilem
969 1918 1041 1962 con·
1109 1959 1112 1965 .

62 1989 288 2062 temptationem
304 1986 430 2060 lactura,
445 1993 478 2045 ut
491 1987 529 2046 ab
544 1991 613 2047 ortu
627 1986 728 2046 sidera
739 1985 770 2046 in
782 2002 926 2047 occasum
937 1987 1041 2047 laben·

12 2101 14 2103 ·
62 2074 103 2133 tia
119 2072 265 2146 prosequi
283 2078 390 2144 posset
404 2078 434 2131 et
447 2072 563 2131 voltum
576 2086 665 2130 suum
681 2070 873 2130 circumferre
889 2087 957 2130 cum
968 2078 1041 2144 toto,

64 2156 193 2217 sublime
218 2154 289 2215 lecit
313 2154 355 2214 illi
376 2161 516 2229 caputet
536 2155 616 2215 collo
636 2153 732 2214 flexili
756 2155 901 2230 inposuit.
930 2155 1042 2215 deinde
1068 2199 1071 2204 ,

63 2255 138 2301 sena
153 2256 209 2314 per
223 2239 319 2311 diem,
342 2255 418 2298 sena
433 2255 489 2313 per
503 2246 623 2299 noctem
639 2238 727 2312 signa
740 2239 913 2313 perducens
929 2239 1042 2297 nullam

62 2339 124 2384 non
147 2332 264 2396 partem
285 2324 333 2383 sui
355 2323 515 2397 explicuit,
541 2329 574 2383 ut
591 2338 647 2397 per
666 2323 756 2395 haec,
783 2337 862 2397 quae
882 2321 1040 2395 obtulerat,

64 2405 163 2467 oculis
189 2407 255 2466 eius
283 2407 478 2482 cupiditatem
503 2408 618 2467 laceret
648 2404 737 2465 etiam
763 2415 941 2466 ceterorum.
979 2405 1071 2472 Nece

63 2492 144 2550 enim
169 2492 270 2550 omnia
294 2506 350 2549 nec
373 2498 455 2550 tanta
478 2490 605 2550 visimus
628 2497 742 2565 quanta
764 2497 848 2562 sunt,
876 2489 933 2548 sed
957 2487 1041 2548 acies

63 2581 170 2635 nostra
182 2573 281 2648 aperit
296 2573 355 2634 sibi
375 2574 577 2649 investigandi
600 2573 678 2633 viam
699 2579 729 2632 et
749 2574 945 2634 fundamenta
967 2587 1041 2631 vero

62 2659 149 2731 iacit,
170 2666 202 2718 ut
221 2656 377 2732 inquisitio
396 2665 530 2719 transeat
549 2673 587 2717 ex
608 2659 722 2732 apertis
743 2657 774 2716 in
795 2656 926 2734 obscura
944 2663 975 2716 et
988 2656 1041 2715 ali·

64 2742 139 2820 quid
158 2741 227 2816 ipso
249 2743 362 2802 mundo
382 2741 514 2802 inveniat
533 2742 701 2817 antiquiuS,
727 2741 809 2801 unde
832 2740 900 2800 ista
917 2739 1041 2818 [sidera]

64 2826 203 2888 exierint.
232 2826 303 2901 quis
319 2824 409 2885 luerit
422 2826 557 2886 universi
571 2833 682 2899 status,
698 2833 860 2900 antequam
875 2823 996 2900 singula
1009 2823 1041 2883 in

64 2918 167 2986 partes
183 2910 386 2970 discederent.
418 2926 498 2985 quae
516 2909 593 2969 ratio
609 2925 710 2970 mersa
725 2917 755 2969 et
770 2910 899 2970 confusa
913 2908 1040 2969 diduxe-

61 2997 110 3055 rit.
141 2995 211 3070 quis
231 2996 301 3054 loca
319 2995 411 3054 rebus
432 2993 645 3069 adsignaverit.
681 2999 792 3067 suapte
811 3001 918 3054 natura
937 2991 1042 3066 gravia

63 3078 287 3152 descenderint,
299 3076 487 3138 evolaverint
498 3076 586 3149 levia,
598 3093 637 3137 an
648 3084 769 3153 praeter
781 3077 881 3137 nisum
893 3076 1040 3150 [pondus]

63 3178 228 3237 corporum
243 3162 331 3222 altior
346 3162 448 3237 aliqua
463 3161 510 3222 vis
524 3162 622 3235 legem
637 3161 764 3236 singulis
780 3160 898 3221 dixerit.
914 3176 952 3219 an
966 3159 1041 3219 illud

62 3263 169 3307 verum
185 3245 233 3320 sit,
250 3263 311 3322 quo
326 3245 459 3305 maxime
473 3244 621 3320 probatur
635 3246 773 3305 homines
789 3244 883 3304 divini
894 3259 965 3306 esse
977 3242 1040 3319 spi·

62 3331 154 3400 ritus,
181 3338 359 3406 partemgac
377 3330 470 3391 veluti
492 3330 639 3390 scintillas
663 3331 812 3404 quasdam
833 3344 990 3390 sacrorum
1010 3329 1041 3388 in

62 3422 174 3475 terram
198 3414 357 3477 resiluisse
382 3423 474 3490 atquc
495 3415 594 3475 alieno
620 3414 689 3473 loco
715 3411 863 3474 haesisse.
894 3412 1072 3488 cogitatas

58 3505 169 3565 ¹nostra
195 3498 272 3560 coeli
297 3498 480 3560 munimenta
504 3498 672 3574 perrumpit
696 3513 752 3557 nec
772 3504 913 3559 contenta
932 3495 1042 3567 estid,
