2438 3968
216 201 317 259 olnL.
340 201 391 259 lll.
420 199 471 258 DE
492 199 560 260 lRA
581 201 653 259 LIB.
673 202 695 259 l.
719 208 849 265 lii—18.
981 201 1026 266 49
1098 155 1101 162 ·

44 370 102 415 nes
120 370 260 430 quoque,
276 355 306 413 in
323 353 434 429 quibus
449 352 524 413 solis
540 368 635 427 opera
649 354 823 415 iracundiae
839 354 956 416 videtur
971 372 1024 417 ne*

46 438 199 511 cessaria,
214 440 306 499 multo
322 453 377 512 per
390 453 425 496 se
439 437 516 497 ratio
532 435 637 498 lortior
652 443 719 496 estt
741 454 811 497 narn
826 453 894 498 cum
908 439 1023 499 iudica·

44 524 89 582 vit
103 522 217 596 aliquid
233 520 418 593 laciendum,
433 521 463 579 in
476 536 513 580 co
528 528 715 594 perseverat.
737 520 809 580 nihil
824 520 904 580 onim
915 523 1022 584 melius

44 607 207 666 inventura
222 612 268 665 est
283 621 318 665 se
333 606 417 680 ipsa,
436 621 498 678 quo
513 611 652 664 mutetur.
681 604 751 664 ideo
767 611 828 666 stat
840 607 933 664 semel
950 623 1022 666 con-

43 690 174 750 stitutis:
195 689 270 748 iram
291 704 386 762 saepe
406 688 616 748 misericordia
633 696 716 748 retro
738 689 806 761 egit.
834 688 926 749 habet
944 690 1053 750 enim4

45 789 109 833 non
136 772 267 832 solidum
292 772 401 844 robur,
430 770 485 831 sed
512 787 622 831 vanum
646 779 795 831 tumorem
821 771 1024 848 violentisque

44 854 204 931 principiis
224 855 328 927 utitur,
352 871 413 915 non
435 856 519 914 aliter
540 871 629 928 quarn
651 855 702 929 qui
724 871 742 914 a
762 864 841 916 terra
856 855 937 915 venti
957 873 1023 916 sur-

44 948 122 1014 gunt
141 949 171 1000 et
190 938 366 999 fluminibus
380 937 606 1014 paludibusque
621 938 762 1012 concepti
776 939 843 1000 sine
858 939 1026 1014 pertinacia

44 1024 243 1084 vehementes
265 1030 350 1084 sunt:
377 1022 481 1096 incipit
506 1038 615 1096 magno
636 1023 755 1097 inpetu,
779 1022 890 1083 deinde
914 1024 1052 1083 delecit5

44 1115 115 1167 ante
136 1115 257 1181 tempus
278 1106 415 1181 fatigata,
437 1113 481 1177 ct,
505 1121 583 1181 quae
598 1104 670 1165 nihil
691 1106 772 1166 aliud
787 1123 878 1182 quarn
893 1107 1023 1167 crudeli-

44 1198 137 1252 tatem
149 1205 185 1250 ac
200 1206 280 1250 nova
295 1205 408 1264 genera
423 1205 590 1264 poenarum
603 1197 786 1263 versaverat,
804 1206 873 1251 cum
887 1191 1022 1251 animad-

44 1274 225 1335 vertendum
238 1282 293 1347 est
309 1274 367 1333 iam
383 1273 450 1346 [ira]
463 1274 558 1333 lracta
572 1272 712 1348 lenisque
726 1281 781 1333 est.
802 1274 950 1335 Adfectus
964 1275 1021 1335 cito

45 1358 143 1432 cadit,
159 1357 297 1432 aequalis
312 1363 361 1416 est
375 1356 461 1416 ratio.
491 1357 629 1417 Ceterum
644 1356 734 1416 etiam
748 1356 800 1416 ubi
815 1359 1053 1430 perseveravito

45 1442 106 1515 ira,
131 1456 375 1515 nonnumquam,
396 1442 422 1499 si
438 1441 541 1514 plures
562 1446 633 1499 sunt
654 1440 706 1514 qui
727 1440 826 1513 perire
841 1449 1023 1514 meruerunt,

46 1533 120 1600 post
141 1526 271 1585 duorum
290 1524 418 1584 triumve
438 1522 616 1598 sanguinem
631 1523 773 1582 occidere
789 1522 909 1583 desinit.
937 1524 1024 1599 primi

45 1610 114 1669 eius
136 1609 214 1667 ictus
235 1622 323 1667 acres
344 1612 429 1679 sunt,
451 1607 530 1666 sicut
551 1607 736 1680 serpentium
758 1621 875 1666 venena
895 1623 914 1665 a
934 1607 1024 1668 cubili

46 1692 236 1766 erepentium
257 1697 383 1762 nocent,
405 1689 521 1750 innoxii
544 1691 650 1751 dentes
673 1696 758 1763 suut,
785 1705 853 1749 cum
872 1690 941 1751 illos
963 1693 1021 1750 ire-

46 1791 147 1849 quens
163 1790 284 1835 morsus
299 1773 453 1833 exhausit:
469 1789 541 1848 ergo
557 1790 618 1834 non
634 1772 719 1847 paria
734 1772 888 1847 patiuntur
903 1776 955 1848 qui
969 1782 1051 1849 pat-7

46 1859 93 1917 ria
109 1859 337 1929 commiserunt,
359 1865 388 1916 ct
407 1873 503 1932 saepe
518 1857 569 1931 qui
584 1857 683 1916 minus
699 1857 862 1929 commisit,
884 1858 953 1933 plus
969 1875 1023 1933 pa-

44 1943 131 2015 titur,
148 1943 220 2017 quia
233 1940 394 2003 recentiori
410 1939 547 2002 obiectus
564 1949 626 2002 est=
649 1947 679 2002 et
698 1941 728 2000 in
742 1947 837 2001 totum
852 1941 1022 2018 inaequalis

44 2033 109 2086 est:
125 2026 216 2087 modo
230 2025 309 2086 ultra
324 2042 414 2100 quam
429 2032 549 2100 oportet
563 2026 709 2098 excurrit,
724 2025 815 2085 modo
831 2025 954 2087 citerius
970 2027 1022 2086 de·

44 2110 108 2170 bito
129 2108 251 2170 resistit.
280 2109 339 2169 sibi
356 2111 436 2169 enim
456 2107 592 2183 indulget
613 2117 643 2169 et
663 2124 701 2167 ex
721 2106 846 2168 libidine
865 2109 979 2170 iudicat
993 2117 1023 2169 et

45 2194 152 2275 audire
173 2210 234 2255 uou
254 2193 319 2253 vult
339 2200 369 2253 et
388 2193 556 2268 patrocinio
578 2208 638 2253 non
659 2192 802 2266 relinquit
821 2194 922 2254 locum
937 2201 966 2254 et
986 2209 1023 2252 ea

45 2284 129 2337 tenet
149 2277 228 2352 quae
248 2276 360 2337 invasit
379 2285 408 2337 et
427 2276 502 2351 eripi
523 2275 580 2336 sibi
601 2275 745 2336 iudicium
766 2292 869 2352 suurn,
892 2277 1021 2336 etiamsi

44 2377 175 2435 pravum
190 2368 250 2431 est,
267 2377 327 2419 non
342 2360 422 2420 sinit.

110 2443 215 2503 XVlll.
241 2444 329 2505 Ratio
345 2445 463 2518 utrique
477 2444 555 2518 parti
569 2450 689 2518 tempus
705 2444 764 2502 dat.
795 2443 906 2502 deinde
928 2443 1049 2508 advo-1

46 2526 197 2587 cationem
218 2534 249 2588 et
268 2527 325 2587 sibi
351 2528 441 2601 petit,
466 2534 499 2587 ut
523 2527 723 2587 excutiendae
748 2524 865 2586 veritati
889 2526 1020 2600 spatium

44 2611 172 2671 habeat:
193 2610 237 2670 ira
258 2611 387 2671 festinat.
419 2610 495 2670 ratio
516 2609 547 2669 id
561 2611 695 2670 iudicare
712 2613 775 2671 vult
789 2610 873 2682 quod
891 2625 1022 2684 aequum

44 2701 108 2754 cst:
123 2696 168 2754 ira
182 2694 212 2753 id
228 2710 357 2768 aequum
374 2692 470 2753 videri
487 2695 569 2771 [non]
584 2695 649 2754 vult
664 2695 746 2768 quod
761 2692 914 2757 iudicavit.
933 2693 1050 2759 Retico

29 2777 88 2856 ‚nil
110 2784 230 2854 practer
250 2778 351 2852 ipsum
365 2778 404 2838 de
419 2792 480 2852 quo
496 2777 593 2850 agitur
607 2783 741 2852 spectat:
764 2777 808 2834 ira
822 2777 909 2837 vanis
925 2784 954 2837 et
969 2794 1021 2838 ex-

43 2870 92 2922 tra
113 2877 237 2921 causam
258 2861 490 2921 obversantibus
513 2868 729 2922 commovetur.
759 2860 860 2921 voltus
878 2860 958 2920 illam
974 2876 1020 2920 se-

45 2946 164 3020 curior,
180 2961 243 3006 vox
258 2946 382 3019 clarior,
397 2960 499 3004 sermo
515 2944 650 3017 liberior,
667 2947 765 3004 cultus
782 2943 951 3017 delicatior,
968 2943 1021 3003 ad-

43 3029 167 3090 vocatio
188 3028 391 3101 ambitiosior,
412 3029 499 3088 lavor
520 3028 678 3101 popularis
701 3035 893 3102 exasperant.
927 3042 1023 3101 saepe

10 3157 12 3166 J
41 3113 156 3174 infesta
176 3121 304 3188 patrono
325 3128 410 3172 reum
432 3112 568 3184 damnat,
593 3112 681 3171 etiam
708 3112 734 3171 si
759 3111 904 3186 ingeritur
925 3109 1022 3171 oculis

43 3197 174 3271 veritas,
195 3204 274 3256 amat
295 3204 324 3256 et
344 3202 443 3256 tuetur
463 3211 606 3256 errorem.
636 3195 760 3270 coargui
781 3212 842 3256 non
857 3195 922 3255 vult
941 3199 972 3255 et
991 3194 1021 3254 in

41 3284 123 3341 male
144 3280 263 3356 coeptis
281 3279 440 3341 honestior
458 3278 499 3339 illi
521 3278 686 3355 pertinacia
705 3279 824 3340 videtur
844 3295 935 3355 quam
949 3295 1023 3354 poe-

42 3365 178 3425 nitentia.
208 3364 260 3424 Cn.
275 3363 346 3424 Piso
367 3364 422 3424 luit
441 3365 584 3423 memoria
605 3370 709 3424 nostra
729 3362 776 3421 vir
795 3363 928 3424 annuitis
943 3363 1053 3422 vitiiss

42 3449 179 3523 integer,
200 3449 256 3509 sed
275 3464 391 3523 pravus
413 3456 442 3507 et
457 3447 504 3506 cui
521 3449 660 3522 placebat
675 3464 729 3522 pro
746 3448 916 3508 constantie
930 3448 1022 3522 rigor.

89 3553 190 3592 sanson
204 3552 273 3591 nnrn.
288 3537 307 3590 Ι.
803 3543 820 3591 4
