2438 3968
216 228 270 287 ⁴ln
290 225 472 286 nxnomn
492 225 542 286 nu
564 224 863 285 consumamur.
890 231 929 286 ro.
945 233 987 284 20.
1027 221 1086 286 131.
1195 188 1199 196 ’

114 377 236 451 publicu
256 376 360 436 clades
376 373 575 449 prospicitur,
598 376 680 433 nulla
700 375 826 449 privata.
854 392 914 436 non
938 376 1086 437 sollicitus

114 459 203 520 loturi
212 461 325 535 pendet
331 467 361 518 et
371 474 409 517 ex
421 468 531 519 euentu
542 474 664 533 semper
676 459 706 518 in
719 459 881 518 incertiora
892 459 1086 535 dependenti.

113 545 235 610 tandem
249 543 290 604 ibi
306 541 449 617 constitit,
464 543 544 602 unde
557 543 598 601 nil
613 558 679 601 eurn
695 543 796 618 pellat,
812 542 864 603 ubi
878 542 951 602 nihil
967 551 1085 604 terreat.

174 627 237 687 XX.
260 627 283 688 0
298 627 422 701 ignaros
438 628 584 686 malorum
599 642 732 700 suorum,
756 626 866 700 quibus
883 643 942 687 non
959 643 1041 688 mors
1056 636 1116 689 ult

113 710 257 787 optimum
274 711 428 771 inventurn
445 719 569 772 naturae
585 710 724 771 laudatur
738 718 1004 786 exspectaturque,
1019 711 1086 772 sive

113 796 282 856 felicitatem
303 794 437 868 includit,
458 793 524 854 sive
547 794 745 855 calamitatem
758 793 886 869 repellit,
909 794 975 854 sive
996 796 1088 854 salle-

112 888 202 940 tatcm
217 895 253 938 ac
268 878 478 939 lassitudinem
495 879 578 938 senis
590 879 736 950 terminat,
752 877 819 938 sive
834 877 966 938 iuvenile
978 894 1087 938 aevum

112 964 183 1022 dum
199 965 323 1024 meliora
344 968 514 1036 sperantur,
537 962 567 1021 in
588 959 665 1022 flore
687 962 819 1036 deducit,
841 963 907 1022 sive
927 961 1086 1037 pueritiam

112 1054 181 1106 ante
196 1048 335 1108 duriores
346 1045 460 1121 modus
475 1052 608 1118 revocat,
624 1046 764 1106 omnibus
778 1045 857 1118 linis,
873 1046 975 1107 multis
989 1061 1085 1105 reme-

112 1132 203 1204 dium,
220 1129 404 1206 quibusdam
419 1139 531 1202 votum,
547 1130 585 1189 de
597 1131 687 1190 nullis
701 1129 809 1190 melius
821 1130 926 1191 merita
941 1146 1032 1205 quam
1048 1130 1085 1188 dc

111 1215 158 1286 iis,
173 1214 213 1273 ad
235 1231 314 1289 quos
336 1215 418 1274 venit
437 1223 599 1287 antequam
618 1214 819 1274 invocaretur.
852 1215 936 1274 Haec
957 1213 1117 1276 servitu-a

111 1304 170 1356 tem
186 1299 278 1360 invito
295 1299 418 1358 domino
439 1297 567 1357 remittit.
589 1297 667 1358 hoec
688 1298 877 1371 captivorum
898 1304 1021 1357 catenas
1044 1298 1082 1355 le·
1145 1336 1146 1341 κ

111 1390 169 1441 vat.
192 1382 269 1441 haec
284 1397 301 1440 c
316 1396 440 1440 carcere
461 1381 563 1442 educit
577 1398 655 1455 quos
670 1381 754 1440 exire
769 1381 926 1456 imperium
942 1380 1085 1455 inpotens

112 1471 257 1525 vetuerat.
288 1464 363 1524 hacc
379 1464 519 1524 exulibus
535 1464 564 1522 in
581 1465 707 1538 patriam
729 1479 851 1539 semper
866 1465 997 1524 animum
1014 1479 1085 1524 ocu-

112 1551 221 1623 losque
242 1547 435 1607 tendentibus
457 1548 589 1609 ostendit
614 1548 687 1607 nihil
706 1547 871 1621 interesse,
902 1548 980 1608 iutra
1002 1547 1084 1622 quod

112 1633 182 1706 quis
198 1633 303 1692 iaceat.
331 1633 407 1691 haec
423 1632 483 1705 ubi,
501 1647 552 1691 res
568 1632 737 1692 communis
752 1633 873 1691 fortuna
888 1633 966 1691 male
983 1632 1087 1692 divisit

112 1723 142 1775 et
155 1730 256 1789 aequo
271 1715 337 1775 iure
351 1716 471 1790 genitos
484 1715 573 1775 alium
591 1715 640 1774 alii
656 1715 789 1784 donavit,
807 1721 960 1790 exaequat
974 1714 1084 1775 omnia.

113 1799 187 1857 lroeo
202 1808 257 1871 est,
281 1808 456 1873 postquam
471 1799 543 1859 uilril
560 1800 722 1873 quisquam
741 1798 840 1858 alieno
862 1799 933 1859 lecit
952 1798 1084 1859 arbitrio.

112 1883 186 1941 hacc
202 1889 257 1953 est,
273 1883 302 1941 in
319 1899 380 1957 qua
394 1899 483 1943 nemo
498 1882 694 1943 humilitatem
709 1898 794 1943 suam
809 1884 915 1942 sensit.
938 1882 1015 1942 haec
1029 1890 1094 1956 est,

113 1982 191 2041 quaa
206 1965 279 2026 nulli
295 1983 354 2027 non
372 1967 475 2042 patuit.
504 1966 580 2026 haec
595 1974 651 2040 est,
663 1966 785 2038 Marcia,
801 1983 890 2040 quam
911 1973 999 2043 pater
1015 1974 1084 2027 tuus
1178 2034 1183 2045 ,

111 2051 273 2125 concupiit.
307 2051 383 2110 haec
406 2057 467 2119 est,
490 2050 622 2125 inquam,
644 2066 723 2125 quae
744 2050 846 2122 elficit,
862 2058 895 2111 ut
918 2051 1004 2111 nasci
1023 2067 1082 2111 non

110 2135 149 2193 sit
169 2133 366 2209 supplicium,
391 2150 470 2210 quae
490 2134 596 2204 elficit,
619 2144 726 2195 utnon
750 2134 910 2195 concidam
933 2135 1083 2195 adversus

111 2219 208 2278 minas
224 2234 365 2289 casuum,
388 2226 557 2280 utscrvare
579 2218 710 2279 animum
733 2220 852 2279 salvum
872 2235 909 2279 ac
931 2225 1083 2294 potentem

110 2302 157 2362 sui
171 2300 304 2377 possim:
319 2302 419 2362 habeo
432 2302 516 2378 quod
526 2302 687 2376 adpellem.
708 2302 808 2363 Video
821 2301 890 2362 istic
903 2317 1010 2362 cruces
1025 2318 1082 2363 non
1098 2311 1116 2364 3

111 2385 338 2460 uniusquidem
355 2384 485 2461 generis,
502 2385 558 2444 sed
576 2385 663 2446 aliter
683 2385 722 2445 ab
742 2387 809 2444 aliis
832 2385 1009 2445 labricatas=
1033 2401 1081 2444 ca-

111 2471 171 2544 pite
193 2468 314 2544 quidam
337 2484 506 2530 conversos
530 2470 560 2528 in
591 2476 700 2529 terrani
721 2470 927 2544 suspendere,
958 2467 1008 2527 alii
1028 2484 1083 2543 per

110 2554 266 2613 obscoena
281 2552 412 2627 stipitem
428 2559 562 2626 egerunt,
580 2553 630 2611 alii
644 2552 770 2612 brachia
781 2551 915 2627 patibulo
928 2552 1082 2625 explicue-

109 2644 188 2695 runt.
208 2636 297 2696 video
313 2636 462 2707 fidiculas,
476 2636 566 2695 video
583 2637 720 2697 verbera.
742 2644 772 2696 et
789 2634 932 2696 membris
953 2636 1081 2710 singulis
1117 2685 1119 2688 ,

109 2729 139 2781 et
153 2720 288 2780 articulis
303 2720 424 2794 singula
444 2719 614 2780 docuerunt
628 2719 882 2780 machinamenta:
902 2726 934 2780 ut
949 2718 1039 2780 video
1054 2727 1084 2779 et

108 2813 244 2864 mortem.
267 2810 338 2862 sunt
352 2803 420 2862 istic
435 2803 539 2864 hostes
555 2804 680 2878 cruenti,
702 2802 786 2863 cives
801 2803 940 2878 superbi:
961 2804 1018 2863 sed
1038 2803 1082 2862 vl-

109 2889 167 2946 deo
183 2887 251 2947 istic
266 2894 296 2947 et
311 2894 446 2948 mortem.
468 2888 533 2946 Non
550 2895 598 2949 est
608 2889 770 2950 molestum
782 2887 905 2960 servire,
916 2887 974 2947 ubi
989 2887 1015 2946 si
1027 2888 1081 2947 do-

109 2970 180 3030 mini
195 2979 369 3045 pertaesum
380 2979 436 3044 est,
451 2970 520 3030 licet
532 2988 592 3032 uno
603 2973 699 3046 gradu
711 2973 749 3031 ad
765 2971 932 3032 libertatem
942 2971 1080 3030 transire.

109 3062 255 3124 caramm,
270 3055 338 3127 vita,
350 3053 500 3116 beneficio
511 3055 730 3116 mortishabco.
747 3055 884 3130 Cogita
899 3062 1079 3130 quantum
1095 3065 1112 3117 4

108 3136 1081 3214 boniopportunamorsbabeat,quammultisdiu·

108 3222 186 3283 tius
200 3222 354 3284 vixisse
370 3222 558 3283 nocuerit.
581 3221 614 3282 Si
626 3222 678 3282 Cn.
691 3222 877 3297 Pompeium,
892 3223 987 3282 decus
999 3223 1082 3284 istud

107 3306 389 3382 firmamentumque
403 3305 531 3384 imperii,
544 3306 671 3381 Neapoli
685 3306 819 3369 valitudo
833 3304 1020 3376 abstulisset,
1034 3304 1079 3366 in·

107 3390 260 3456 dubitatae
288 3391 394 3466 populi
414 3389 543 3452 Romani
567 3390 710 3465 princeps
735 3397 924 3452 excesserata
950 3397 980 3451 at
999 3404 1080 3449 nunc

107 3473 208 3551 exigui
223 3474 367 3550 temporis
389 3475 518 3535 adiectio
536 3473 655 3548 fastigio
671 3475 753 3533 illum
774 3491 831 3538 suo
852 3473 976 3549 deptdit.
1006 3471 1080 3532 vidit

887 3560 925 3620 ⁹*
