2438 3968
134 238 197 303 2⁰0
335 244 368 305 L.
388 245 532 307 ANNAEI
555 246 730 309 SENECAE
752 250 855 310 nitu.
864 251 901 309 X.

103 393 303 467 teupiscttts.
325 395 442 459 Audies
454 397 622 473 plerosque
634 398 788 459 dicentesz
803 398 1111 475 „equiequagesimo

134 490 216 539 enno
229 477 259 539 lu
272 479 364 542 otium
376 480 529 543 secedam.
551 483 764 557 sexagesimus
774 497 825 542 me
834 483 982 544 unnusub
996 483 1107 544 officiis

135 559 293 625 dimittet.“
328 572 358 626 et
378 580 468 640 quern
487 566 608 626 tandem
628 567 775 641 longioris
796 567 875 627 vitae
896 568 1043 642 praedem
1058 584 1106 626 ac

135 644 235 721 cipiet
257 649 326 725 quis
340 649 400 710 istu
414 649 493 709 sicut
507 650 646 725 disponis
662 652 706 710 ire
720 651 873 726 patietur?
893 667 956 712 non
971 652 1107 726 pudette

133 727 280 807 reliquias
298 731 378 794 vltue
398 731 451 794 tibi
471 748 631 794 reservare
651 742 681 794 et
703 735 735 795 id
757 735 855 796 solum
871 741 993 811 tempus
1006 736 1106 795 bonae

133 815 227 877 menti
248 817 416 891 destinare,
447 819 530 892 quod
554 817 586 877 in
611 820 724 879 nullam
748 835 813 878 rem
834 820 966 879 conferri
988 819 1108 892 possiti

133 914 228 975 quom
249 916 351 962 serum
372 909 420 962 est
439 909 511 962 tunc
531 902 635 964 vivere
650 903 799 979 incipere,
820 918 890 962 curn
904 901 1107 963 desinendum

133 989 204 1045 estt
226 1001 305 1060 quae
320 992 379 1044 tem
397 985 488 1046 stultu
505 987 694 1048 mortalitatis
710 986 822 1048 oblivio
840 986 871 1046 in
888 985 1106 1063 quinquagesi-

132 1083 217 1129 mum
232 1077 263 1130 et
276 1069 501 1144 sexagesimum
516 1086 627 1130 annum
637 1070 761 1131 didene
771 1086 847 1130 sene
858 1071 987 1131 consilia
995 1078 1027 1128 er
1036 1068 1108 1128 inde

133 1152 216 1213 velle
229 1152 321 1213 vitam
336 1152 497 1227 incheme,
520 1171 581 1230 quo
597 1155 686 1230 pauci
703 1155 932 1230 perduxeruntt

106 1244 122 1297 1
196 1237 249 1296 IV.
277 1236 568 1299 Potentissimis
592 1237 684 1299 etin
708 1238 823 1299 altum
845 1237 1018 1298 sublatis
1042 1238 1106 1297 ho·

134 1320 302 1385 minibus
324 1322 467 1382 excidere
482 1337 576 1383 voces
593 1321 727 1395 videbis,
750 1322 860 1398 quibus
879 1322 974 1382 otium
991 1329 1107 1396 optent,

135 1407 275 1480 laudent,
296 1406 436 1467 omnibus
454 1407 543 1467 bunis
558 1405 623 1468 suis
639 1408 818 1482 praeierant
847 1406 974 1481 cupiunt
986 1405 1107 1466 interim

136 1507 176 1551 ex
196 1491 248 1551 illo
270 1490 391 1564 fastigio
412 1508 486 1566 suo,
507 1492 533 1551 si
552 1498 616 1551 tuto
630 1492 732 1563 liceat,
755 1490 953 1550 descendere.
988 1506 1061 1549 nam
1075 1498 1108 1549 ut

136 1573 211 1635 nihil
231 1582 318 1635 extra
337 1575 471 1636 lacessat
488 1581 540 1635 aut
561 1575 689 1650 quatiat,
711 1577 740 1634 in
762 1589 797 1633 se
817 1574 887 1649 ipsa
901 1575 1025 1635 fortuna
1038 1573 1105 1632 ruit.

107 1659 232 1727 allinus
245 1661 414 1734 Augustus,
437 1659 487 1720 cui
498 1660 528 1719 di
539 1660 626 1734 plura
639 1675 729 1735 quum
741 1658 793 1717 ulli
806 1657 1030 1733 praestiterunt,
1045 1673 1107 1716 non

138 1742 229 1802 desiit
242 1744 373 1818 quietem
388 1744 447 1803 sibi
467 1744 586 1819 precari
600 1753 630 1804 et
642 1741 833 1803 vacationem
847 1757 865 1800 a
880 1742 1039 1816 republica
1054 1757 1106 1816 pe-

136 1834 209 1887 tere.
239 1828 336 1886 omnis
357 1827 423 1888 eius
438 1844 538 1888 sermo
553 1829 593 1887 ad
609 1829 668 1887 hoc
682 1841 804 1901 semper
817 1825 975 1886 revolutus
990 1833 1054 1899 est,
1076 1832 1106 1885 ut

137 1918 277 1985 speraret
296 1909 399 1970 otium.
436 1912 494 1970 hoc
514 1911 635 1971 labores
656 1928 745 1981 su0S‚
770 1909 885 1970 etiamsi
907 1911 1002 1982 falso,
1027 1910 1107 1968 dulci

107 2001 236 2062 alumen
252 1994 424 2054 oblectabat
438 1995 560 2067 solatio,
580 1996 745 2070 aliquando
760 2009 795 2055 se
810 1993 960 2053 victurum
973 1993 1042 2052 sibi.
1073 1994 1105 2051 ln

139 2079 272 2154 quadum
290 2078 330 2137 ud
351 2085 490 2139 senatum
511 2080 604 2139 missa
618 2080 762 2154 epistula,
784 2094 852 2138 curn
866 2077 1004 2153 requiem
1018 2093 1106 2137 suurn

137 2179 198 2224 non
215 2179 343 2223 vacuam
357 2163 423 2223 lore
438 2162 591 2238 dignitatis
604 2179 661 2223 nec
677 2163 807 2238 aprione
819 2162 916 2236 gloria
927 2160 1106 2236 discrepan-

137 2255 196 2308 tem
212 2247 365 2323 pollicitus
377 2253 476 2319 esset,
490 2247 798 2307 heecverbainveniz
819 2247 882 2307 Sed
889 2248 947 2306 isto
955 2248 1027 2318 fieri
1036 2263 1107 2320 spe-

136 2336 242 2394 ciosam
266 2349 354 2408 quam
374 2334 508 2407 promitti
522 2340 654 2406 porrum.
679 2349 725 2391 me
739 2340 835 2391 tomen
846 2330 957 2406 cupido
970 2333 1107 2404 tempores

136 2419 310 2494 optatissimi
322 2418 396 2477 milri
401 2419 553 2491 prorexit,
568 2424 601 2476 ut
613 2419 750 2490 quomrum
764 2432 865 2476 rerum
878 2417 991 2474 taetitia
1002 2429 1107 2474 morc-

137 2510 186 2562 tur
199 2503 314 2575 adbuc,
333 2504 518 2576 perciperem
528 2501 644 2575 aliquid
652 2503 856 2575 voluptatiecx
867 2499 1022 2558 verborum
1034 2499 1106 2557 dul-

107 2588 249 2652 lcedr‘ne.
276 2585 370 2645 Tanta
385 2585 452 2644 visa
466 2592 514 2644 est
526 2601 577 2644 res
593 2585 699 2657 otium,
722 2583 862 2656 utillum,
883 2580 955 2658 quia
968 2597 1029 2641 usu
1044 2597 1106 2642 non

139 2676 270 2744 poterat,
293 2670 475 2743 cogitatione
498 2675 715 2744 praesumeret.
743 2668 796 2742 qui
814 2667 915 2728 omnia
929 2664 1054 2725 videbat
1067 2680 1107 2724 ex

138 2769 252 2820 seuno
275 2751 454 2828 pendentia,
478 2753 530 2828 qui
551 2751 723 2812 hominibus
736 2751 940 2826 gentibusque
955 2750 1106 2810 lortunem

138 2837 244 2910 debat,
266 2837 348 2896 illum
364 2837 444 2896 diem
462 2836 647 2896 laetissimus
662 2836 827 2910 cogitabat,
851 2849 912 2911 quo
925 2832 1106 2908 magnitudi-

137 2936 205 2979 nem
221 2937 308 2981 suem
323 2926 457 2980 exueret.
486 2928 631 2994 expertus
647 2929 725 2994 erat,
740 2927 885 2994 quantum
898 2916 1043 2978 illebona
1053 2931 1109 2992 per

138 3005 236 3067 omnis
250 3012 346 3064 terras
362 3005 508 3078 fulgentia
521 3003 644 3064 sudoris
660 3003 878 3078 exprimerent,
896 3009 1043 3077 quantum
1054 3015 1106 3061 oc·

107 3091 284 3150 §cultarum
305 3087 541 3149 sollicitudinum
562 3096 712 3162 tegerent:
740 3103 808 3147 curn
830 3085 948 3146 civibus
967 3085 1107 3161 primunr,

137 3173 247 3233 deinde
269 3189 339 3233 curn
360 3172 502 3247 collegis,
529 3172 695 3232 novissime
717 3189 785 3232 curn
805 3169 957 3231 adfinibus
980 3175 1107 3230 coaetus

137 3257 227 3317 armis
241 3258 405 3316 decernere
425 3257 499 3315 mari
514 3263 657 3330 terraque
671 3256 850 3330 sanguinem
862 3255 952 3315 mdiu
976 3269 1033 3329 per
1043 3252 1107 3311 lila-

137 3341 311 3413 cedonlam,
339 3341 486 3411 Siciliam,
513 3343 705 3418 Aegyptum,
734 3338 854 3418 Syrium
880 3339 1051 3412 Asiamque
1077 3344 1108 3397 et

137 3423 235 3485 omnis
257 3440 354 3498 prope
375 3441 445 3484 oras
465 3424 545 3484 bello
563 3426 763 3485 circumactus
779 3425 916 3484 Romanu
931 3421 1029 3482 coede
1045 3422 1106 3479 las·

134 3525 190 3569 sos
207 3507 357 3567 exercitus
373 3509 413 3566 ud
428 3517 554 3568 externa
568 3509 648 3568 bellu
664 3508 822 3568 convertit.
846 3507 918 3567 dum
929 3507 1027 3581 Alpes
1040 3504 1105 3580 pla-
