2438 3968
224 207 325 267 ulht.
348 207 385 264 V.
417 205 468 265 DE
484 205 553 265 IRA
574 204 645 267 LlB.
667 205 715 263 111.
737 212 856 267 as—st.
965 205 1025 269 103

58 376 117 419 non
139 358 239 434 possit
257 374 295 417 an
317 356 406 417 nolit:
431 355 542 416 multos
559 354 769 428 absolvemus,
791 356 819 415 si
833 357 1026 432 coeperimus

58 449 128 501 ante
141 442 275 502 iudicare
296 457 386 516 qnam
400 439 500 500 irasci.
530 439 616 499 Nunc
634 446 734 499 autern
750 438 876 514 primunr
891 440 1025 515 inpetum

59 526 221 601 sequimur.
249 523 359 585 deinde
382 523 521 599 quamvis
535 539 614 582 vana
629 540 685 582 nos
702 522 933 597 concitaverint,
956 540 1026 600 per·

59 625 249 682 severamus,
275 624 312 668 ne
333 608 490 668 videamur
512 607 654 681 coepisse
675 605 741 667 sine
763 622 866 669 causa.
898 616 928 669 et
943 610 1027 684 quod

58 693 266 768 inquissimam
289 700 349 765 est,
376 690 594 768 pertinaciores
621 707 678 752 nos
704 689 774 750 lacit
794 689 937 766 iniquitas
953 693 1025 752 irae.

58 777 220 838 retinemus
236 777 315 837 enim
336 776 416 836 illam
434 783 463 833 et
480 790 640 848 augemus,
663 775 752 850 quasi
765 783 972 850 argumentum
989 776 1028 838 sit

59 861 138 922 iuste
152 861 307 922 irascentis
323 859 455 933 graviter
470 858 569 917 irasci.

120 944 210 1005 XXX
231 945 346 1018 Quanto
363 944 470 1003 melius
491 951 538 1002 est
557 942 639 1003 initia
656 943 724 1017 ipsa
746 943 921 1018 perspicere
937 959 1027 1018 qnam
1042 961 1056 1012 1

59 1029 138 1089 levia
159 1030 232 1098 sint,
253 1045 343 1104 quam
365 1027 508 1088 innoxia?
536 1024 621 1100 Quod
639 1025 779 1086 accidere
793 1026 880 1087 vides
895 1027 948 1106 [in]
963 1029 1024 1086 ani*

58 1113 188 1173 malibus
204 1115 298 1183 rantis
315 1113 395 1172 idem
408 1113 439 1170 in
455 1111 576 1172 homine
591 1110 820 1186 deprehendes:
835 1111 952 1172 frivolis
965 1118 1027 1172 tur-

58 1196 166 1256 bamur
181 1203 210 1256 et
225 1195 374 1256 inanibus.
403 1203 519 1256 taurum
536 1195 620 1254 color
634 1194 824 1255 rubicundus
839 1194 965 1269 excitat,
988 1196 1028 1256 ad

59 1281 195 1341 umbram
210 1281 292 1356 aspis
308 1279 458 1355 exsurgit,
474 1295 564 1339 ursos
581 1279 747 1351 leonesque
763 1295 876 1353 mappa
891 1278 1028 1354 proritat.

58 1365 160 1425 ornnia
176 1381 254 1438 quae
267 1371 374 1423 natura
389 1365 453 1422 iera
467 1377 503 1421 ac
518 1363 625 1422 rabida
639 1369 722 1432 sunt,
740 1368 973 1424 consternantur
988 1364 1028 1424 ad

37 1452 147 1507 vana.
176 1447 259 1508 Idem
278 1446 421 1522 inquietis
443 1455 472 1506 et
492 1445 611 1507 stolidis
632 1445 762 1520 ingeniis
787 1447 896 1506 evenit.
926 1452 1057 1506 rerum2

58 1532 236 1606 suspicione
252 1530 412 1601 feriuntur,
436 1529 513 1589 adeo
529 1529 665 1604 quidem,
687 1537 720 1588 ut
739 1528 887 1588 interdurn
902 1529 1027 1592 iniurias

59 1622 172 1675 vocent
185 1615 302 1674 modica
316 1613 480 1683 beneficia,
498 1613 527 1672 in
544 1613 653 1687 quihus
668 1612 930 1688 frequentissima,
947 1623 1029 1676 certe

58 1697 256 1758 acerbissima
270 1698 443 1757 iracundiae
456 1698 581 1757 materia
595 1705 650 1756 est.
680 1696 847 1756 carissimis
870 1696 949 1757 enim
969 1699 1028 1759 ira·

59 1782 182 1853 scimur,
199 1781 282 1856 quod
296 1782 412 1841 minora
426 1781 515 1841 nobis
528 1780 731 1855 praestiterint
743 1796 832 1856 quarn
845 1790 945 1842 mente
957 1798 1029 1844 con-

58 1864 197 1939 cepimus
213 1881 364 1940 quamque
380 1865 429 1924 alii
450 1864 585 1924 tulerint:
607 1880 676 1925 cum
696 1865 855 1940 utriusque
875 1867 920 1925 rei
941 1883 1028 1941 para-

57 1957 120 2008 tnm
138 1948 304 2009 remedium
319 1950 365 2008 sit.
398 1949 496 2024 Magis
511 1948 596 2009 alteri
611 1948 748 2010 indulsit:
769 1955 874 2010 nostra
888 1966 946 2012 nos
961 1951 1057 2014 sinet

56 2033 275 2107 conparatione
291 2032 448 2093 delectent.
468 2049 631 2107 numquam
649 2033 704 2092 erit
717 2033 792 2093 felix
803 2049 893 2109 quem
905 2042 1028 2109 torque-

56 2117 101 2177 bit
122 2116 246 2176 felicior.
283 2118 381 2177 minus
404 2116 501 2176 haheo
524 2134 614 2191 quam
644 2118 782 2192 speravi:
817 2118 875 2178 sed
898 2120 1030 2180 tortasse

57 2202 127 2274 plus
150 2200 272 2274 speravi
295 2217 386 2276 quam
402 2200 502 2260 debui.
530 2201 613 2260 Haec
631 2218 702 2276 pars
723 2202 853 2263 maxime
867 2202 1030 2264 metuenda

56 2293 114 2344 est.
143 2281 214 2343 hinc
231 2284 509 2359 perniciosissimae
530 2285 593 2344 irae
611 2294 777 2347 nascuntur
793 2293 822 2346 ct
837 2286 1031 2347 sanctissima

58 2381 201 2441 quaeque
222 2368 392 2428 invasurae.
426 2369 534 2429 Divum
553 2368 664 2429 lulium
692 2370 795 2444 plures
815 2368 904 2429 amici
928 2370 1063 2431 conte-4

56 2457 165 2510 cerunt
180 2467 269 2524 quam
284 2451 410 2523 inimici,
435 2469 562 2527 quorum
584 2469 645 2512 non
661 2452 838 2528 expleverat
855 2468 928 2528 spes
943 2454 1028 2512 inex-

56 2531 197 2609 plebiles.
218 2535 313 2596 voluit
327 2536 450 2611 quidem
462 2536 520 2611 ille,
536 2535 729 2612 nequeenim
745 2535 907 2610 quisquam
920 2536 1029 2596 tibera-

55 2617 117 2678 lius
139 2617 266 2678 victoria
288 2636 364 2679 usus
387 2628 448 2690 est,
472 2636 509 2679 ex
532 2636 591 2693 qua
613 2620 685 2679 nihil
705 2620 762 2680 sibi
786 2619 951 2680 vindicavit
971 2619 1030 2679 nisi

55 2701 259 2776 dispensandi
289 2711 478 2777 potestatem.
516 2704 570 2763 sed
604 2703 859 2778 quemadmodum
887 2704 1029 2765 sulficere

56 2793 117 2843 tam
133 2784 271 2859 inprobis
287 2787 448 2848 desideriis
470 2793 591 2862 posset,
614 2803 682 2848 cum
702 2794 812 2847 tanturn
834 2803 939 2848 omnes
956 2804 1028 2850 con-

55 2868 260 2942 cupiscerent,
278 2879 423 2945 quantam
437 2887 516 2931 unus
532 2877 672 2945 poteratt
700 2870 783 2931 Vidit
798 2871 900 2946 itaque
918 2872 1058 2939 strictiss

54 2952 140 3012 circa
161 2953 267 3012 sellam
287 2970 374 3014 suam
394 2954 504 3030 gladiis
527 2954 746 3016 commilitones
762 2970 852 3028 suos,
879 2954 1030 3015 Cimbrum

53 3035 182 3107 Tillium,
198 3038 376 3097 acerrimum
393 3041 482 3113 paulo
497 3047 566 3099 ante
580 3039 707 3114 partium
721 3038 921 3113 defensorem,
938 3039 1029 3100 alios-

55 3134 118 3194 que
135 3127 206 3194 pcst
217 3120 393 3197 Pompeium
410 3124 529 3183 demum
539 3122 751 3197 Pompeianos.
766 3121 849 3182 Haec
864 3139 913 3183 res
929 3139 986 3198 sua
1000 3123 1031 3183 in

53 3218 147 3277 reges
175 3220 258 3263 arma
279 3208 428 3268 convertit
448 3206 677 3280 fidissimosque
702 3221 738 3266 eo
760 3207 910 3280 conpulit,
936 3214 969 3268 ut
991 3208 1030 3268 de

53 3295 154 3356 morte
175 3304 281 3349 eorum
305 3292 485 3365 cogitarent,
508 3306 564 3365 pro
582 3290 693 3365 quibus
716 3295 745 3348 et
764 3297 834 3351 ante
854 3307 934 3366 quos
953 3291 1031 3353 mori

54 3380 162 3431 votum
178 3371 355 3435 habuerant.

120 3455 225 3516 XXXI.
247 3456 326 3518 Nulli
348 3459 386 3518 ad
408 3459 507 3519 aliena
526 3457 700 3534 respicienti
723 3474 779 3519 sua
800 3458 931 3535 placent.
959 3457 1058 3523 indat
