2438 3968
144 269 197 327 un
222 229 444 328 omniorum
464 269 516 330 nn
537 270 632 329 viru
651 268 792 329 suurn.
815 275 924 332 13-15
967 267 1028 334 151

59 418 220 480 utiliorum
235 419 364 494 vestigia
378 425 505 494 premat,
522 419 641 493 potiora
656 419 770 479 deserit
783 419 945 494 multisque
961 419 1029 482 olli·

60 504 114 562 ciis
135 504 301 563 renuntiem
322 503 364 562 ita
384 503 437 578 qui
456 510 589 564 sectatur
607 503 802 578 voluptatem,
825 505 925 563 omnia
943 511 1028 579 post-

60 585 146 661 ponit
160 594 190 645 et
208 587 334 662 primam
348 587 515 647 libertatem
527 587 660 661 neglegit
675 601 711 646 ac
725 593 899 660 provenire
914 586 1028 662 depen-

60 670 112 742 dit,
131 685 188 730 nee
201 671 375 745 voluptates
397 671 455 731 sibi
469 670 549 742 emit,
570 671 627 730 sed
642 686 677 730 se
693 670 899 745 voluptatibus
914 671 1027 732 vendit.

122 752 187 812 XV.
209 753 307 828 „Quid
321 761 430 827 tamen,
445 753 550 828 inquit
572 754 714 828 prohibet
733 754 763 813 in
783 769 876 814 unum
890 754 1029 815 virtutem
1044 770 1060 821 1

59 838 307 914 voluptatemque
320 836 465 898 conlundi
479 844 509 898 et
518 837 599 897 ellici
611 854 761 898 summurn
771 837 893 911 bonum,
906 843 939 898 ut
948 837 1029 898 idem

59 929 90 982 et
99 921 262 982 honestum
273 928 303 981 et
313 921 477 982 iocundum
489 920 567 982 siti“
590 921 665 995 Quia
678 921 948 996 parshonestinon
961 927 1029 995 pot·

59 1013 107 1066 est
122 1020 193 1065 esse
208 1005 266 1065 nisi
283 1005 454 1079 honestum,
469 1020 527 1066 nec
541 1021 690 1066 summum
706 1005 819 1067 bonum
831 1004 955 1066 babebit
967 1004 1028 1065 sin·

59 1088 212 1149 ceritatem
228 1105 323 1163 suam,
339 1089 366 1149 si
381 1088 496 1163 aliquid
516 1089 545 1148 in
562 1105 597 1149 se
612 1089 720 1150 viderit
734 1088 882 1150 dissimile
901 1087 1028 1150 melior‘u

57 1171 102 1231 Ne
116 1171 260 1247 gaudium
275 1173 397 1248 quidem
419 1173 501 1249 quod
516 1189 556 1233 ex
566 1172 676 1233 virtute
691 1171 794 1247 oritur,
815 1171 954 1248 quamvis
974 1173 1059 1238 bo·²

58 1271 130 1315 num
146 1255 194 1330 sit,
215 1256 346 1317 absoluti
361 1264 461 1317 tamen
474 1257 546 1317 boni
568 1273 640 1332 pars
661 1264 716 1328 est,
738 1273 799 1316 non
819 1257 917 1330 magis
938 1273 1029 1331 quam

57 1340 172 1400 laetitia
191 1347 221 1400 et
239 1341 454 1415 tranquillitas,
473 1341 612 1414 quamvis
633 1356 673 1400 ex
695 1339 903 1415 pulcherrimis
926 1338 1029 1401 causis

57 1430 231 1483 nascantur.
260 1432 332 1485 sunt
352 1424 431 1484 enim
443 1424 502 1486 ista
520 1425 609 1499 bona,
627 1423 685 1483 sed
708 1421 927 1498 consequentia
947 1439 1028 1483 sum-

57 1523 139 1566 mum
154 1507 276 1581 bonum,
292 1524 352 1569 non
368 1507 619 1569 consummantia.
643 1507 700 1580 Qui
715 1522 787 1566 vero
806 1507 924 1567 virtutis
942 1508 1059 1574 volu-s

57 1589 213 1665 ptatisque
226 1589 403 1653 societatem
419 1590 491 1651 lucit
504 1598 534 1651 et
546 1606 584 1650 ne
601 1606 640 1650 ex
654 1606 755 1666 aequo
771 1589 902 1665 quidem,
916 1590 1028 1666 fragili·

57 1680 119 1734 tate
138 1671 261 1734 alterius
282 1674 355 1736 boni
376 1675 521 1751 quicquid
541 1673 572 1734 in
590 1675 683 1734 altero
704 1673 819 1748 vigoris
842 1681 889 1735 est
907 1673 1030 1737 hebetat

57 1757 287 1832 libertatemque
299 1759 390 1831 illam,
411 1757 453 1818 ita
466 1759 596 1832 demum,
612 1757 639 1818 si
653 1757 727 1818 nihil
741 1773 776 1817 se
789 1756 954 1832 pretiosius
974 1774 1028 1819 uo·

58 1841 110 1912 vit,
126 1840 277 1917 invictam,
292 1843 350 1903 sub
365 1842 469 1916 iugum
484 1842 578 1903 mittit.
598 1858 678 1916 nem,
693 1856 773 1917 quae
788 1840 919 1902 maxima
932 1841 1028 1903 servi·

57 2008 242 2085 suspiciosa,
256 2010 385 2086 trepida
407 2026 513 2070 casum
527 2025 661 2084 pavens:
682 2015 852 2084 temporum
873 2023 1028 2085 suspensa

56 2101 208 2156 momenta
222 2100 301 2158 sunt.
336 2094 403 2155 Non
418 2093 475 2154 das
494 2091 596 2155 virtuu
615 2092 840 2154 fundumentum
859 2107 963 2168 grave,
982 2092 1059 2154 int

56 2175 177 2250 mobile,
192 2178 249 2239 sed
262 2176 351 2240 iubes
364 2176 446 2238 illam
459 2178 491 2238 in
505 2179 574 2238 loco
589 2176 715 2238 volubili
726 2182 818 2240 stare.
842 2175 914 2251 quid
927 2183 1028 2237 autem

55 2266 117 2319 tam
132 2261 264 2321 volubile
278 2269 333 2333 est
351 2277 443 2338 quam
461 2261 652 2323 fortuitorum
669 2258 858 2335 exspectatio
873 2265 903 2321 et
917 2275 1027 2335 corpo·

56 2343 99 2402 ris
110 2358 274 2419 rerumque
286 2360 399 2420 eorpus
411 2345 617 2406 adficientium
632 2343 783 2404 varietast
804 2342 962 2416 Quomodo
977 2341 1028 2404 hio

57 2433 159 2499 potest
174 2428 232 2489 deo
247 2444 355 2503 parere
376 2437 408 2490 et
420 2427 564 2504 quicquid
586 2427 694 2498 evenit
716 2426 798 2488 bono
819 2426 920 2486 animo
944 2426 1025 2487 exei-

56 2524 132 2583 pere
146 2525 203 2570 nec
223 2512 262 2571 dc
283 2515 345 2573 lato
367 2513 452 2588 quen·
473 2528 598 2573 casuum
620 2526 745 2572 suorum
765 2509 916 2584 benignus
936 2510 1025 2570 inter·

56 2608 138 2667 pres,
153 2593 180 2654 si
191 2595 231 2655 ad
245 2597 434 2670 voluptatum
448 2596 651 2669 dolorumque
665 2594 899 2669 punctiunculas
914 2609 1026 2655 concu-

55 2677 148 2738 titurt
174 2679 230 2740 sed
245 2694 284 2739 ne
301 2679 417 2753 patriae
432 2679 555 2754 quidem
568 2679 669 2739 bonus
686 2685 767 2739 tutor
786 2685 839 2739 aut
851 2677 965 2737 vindex
979 2683 1027 2739 est

55 2776 113 2820 nec
124 2762 290 2824 amicorum
307 2769 523 2838 propugnator,
545 2764 572 2824 si
588 2763 628 2823 ad
643 2763 814 2838 voluptates
828 2761 934 2837 vergit.
970 2762 1057 2826 lllob

55 2860 129 2920 ergo
142 2862 293 2909 summum
305 2847 419 2908 bonum
429 2847 606 2920 adscendet,
621 2846 702 2907 unde
715 2845 798 2907 nulla
808 2847 837 2906 vi
850 2844 1024 2922 detrahitur,

56 2944 117 3002 quo
133 2945 234 3005 noque
246 2930 345 2992 dolori
358 2945 459 3007 neque
470 2931 538 3006 spei
548 2946 606 2989 nec
619 2927 720 2992 timori
734 2931 773 2991 sit
787 2929 887 2990 aditus
901 2945 959 2990 nec
972 2930 1026 2991 ulli

54 3011 109 3085 rei,
124 3030 202 3088 quae
218 3015 351 3075 deterius
368 3014 477 3075 summi
496 3012 570 3075 boni
590 3014 638 3074 ius
658 3014 757 3074 iaciat
783 3012 951 3073 escendere
972 3028 1025 3074 au·

54 3102 114 3155 tem
129 3097 180 3159 illo
201 3099 268 3160 sola
288 3097 384 3159 virtus
406 3104 516 3173 potest
544 3096 625 3157 iilius
639 3097 737 3172 gradu
752 3097 849 3158 clivus
869 3096 927 3156 iste
943 3096 1022 3157 fran-

55 3179 174 3253 gendus
190 3190 246 3243 est
267 3183 318 3243 illa
333 3180 451 3243 lortiter
470 3179 564 3242 stabit
577 3188 608 3241 et
622 3179 769 3256 quicquid
783 3178 926 3251 evenerit,
948 3181 1026 3242 ieret

54 3278 114 3322 non
132 3265 249 3339 patiens
265 3273 390 3340 tantum,
406 3265 566 3326 sedetiam
579 3264 696 3337 volens,
712 3279 893 3339 omnemque
907 3270 1024 3340 tempo·

52 3362 121 3405 rum
135 3349 340 3411 difficultatem
355 3351 432 3410 sciet
451 3350 549 3424 legem
571 3362 642 3408 esse
655 3354 791 3421 naturae,
813 3355 851 3422 et,
872 3354 905 3408 ut
923 3348 1024 3410 bonus

53 3427 141 3492 miles
156 3434 232 3494 ieret
244 3435 379 3509 volnera,
398 3431 586 3493 enumerabit
606 3431 762 3492 cicatrices
784 3439 814 3491 et
832 3432 1024 3493 transverbe-

52 3520 138 3576 ratus
151 3517 220 3578 telis
234 3516 368 3578 moriens
383 3516 495 3578 amabit
505 3530 584 3591 eum,
599 3531 656 3592 pro
674 3531 735 3592 quo
751 3515 848 3590 cadet,
862 3514 1022 3591 imperato·
