2454 3982
278 253 329 313 DE
345 253 562 313 CLEMENTIA
582 254 655 313 LlB.
667 255 692 312 Ι.
711 261 826 315 9-12.
977 252 1039 319 287

66 411 152 464 ratus
175 411 204 463 et
224 406 372 477 clemens,
395 420 505 479 nempe
526 410 597 480 post
621 420 704 464 mare
723 406 881 466 Actiacum
899 409 1038 471 Romano

68 503 178 549 cruore
192 487 350 560 iniectum,
370 504 481 563 nempe
496 495 568 563 post
582 489 693 548 fractas
708 489 738 548 in
755 487 859 548 Sicilia
873 492 991 551 classes
1009 499 1039 553 et

67 588 142 633 suas
158 578 188 630 et
203 572 334 646 alienas,
365 588 476 647 nempe
496 579 568 647 post
581 572 743 632 Perusinas
764 589 835 633 aras
856 581 887 634 et
905 575 1037 650 proscri-

66 656 201 732 ptiones.
233 655 299 731 Ego
314 672 391 717 voro
404 656 593 717 clementiam
609 672 671 716 non
685 672 763 717 voco
779 659 893 717 lassam
909 657 1068 724 crudeli-u

67 747 177 802 tatem:
198 739 275 800 haec
290 746 351 814 est,
367 739 494 811 Caesar,
514 741 673 801 clementia
687 756 775 812 vera,
796 757 887 817 quam
901 749 934 802 tu
949 757 1038 818 prae-

68 831 149 899 stas,
171 840 251 899 quae
266 840 327 883 non
342 822 487 884 saevitiae
501 823 687 900 poenitentia
706 825 821 900 coepit,
851 826 964 885 nullam
984 825 1037 885 ha-

66 907 141 969 bere
166 909 330 980 maculam,
363 923 527 983 numquam
554 907 671 968 civilem
699 907 879 983 sanguinem
908 907 1036 969 fudisse.

66 991 145 1052 haec
171 999 218 1053 est
236 991 267 1052 in
288 990 420 1052 maxima
443 997 595 1067 potestate
620 992 781 1052 verissima
804 992 895 1054 animi
922 1000 1037 1070 tempe-

66 1075 167 1136 rantia
184 1084 213 1136 et
226 1075 349 1136 humani
363 1074 484 1150 generis
506 1077 686 1150 conprendit
700 1081 852 1150 terminos,
875 1094 936 1138 non
952 1078 1037 1153 cupi-

68 1161 163 1221 ditate
178 1160 294 1236 aliqua,
318 1177 379 1221 non
390 1159 556 1220 temeritate
571 1160 707 1233 incendi,
723 1177 783 1221 non
800 1161 935 1236 priorum
954 1162 1035 1236 prin·

68 1245 171 1321 cipum
184 1245 333 1319 exemplis
349 1252 525 1318 corruptum
540 1253 686 1320 quantum
705 1245 735 1305 in
757 1245 840 1306 cives
857 1261 931 1306 suos
948 1246 1037 1307 liceat

68 1329 257 1404 experiendo
283 1335 444 1403 temptare,
472 1328 528 1386 sed
549 1328 693 1388 hebetare
714 1330 810 1389 aciem
835 1329 953 1404 imperii
978 1331 1035 1390 sui.

66 1412 259 1485 Praestilisti,
282 1412 409 1485 Caesar,
433 1411 582 1471 civitatem
604 1411 790 1473 incruentam
817 1420 846 1472 et
870 1413 929 1473 boo
952 1413 1065 1488 quoda

66 1512 179 1570 magno
200 1497 300 1556 animo
322 1495 469 1571 gloriatus
494 1511 543 1555 es:
565 1498 677 1556 nullam
696 1503 726 1556 te
747 1503 810 1558 toto
833 1498 906 1556 orbe
927 1497 1036 1557 stillam

67 1580 188 1642 cruoris
215 1580 338 1641 humani
363 1580 500 1652 misisse,
533 1595 570 1640 eo
599 1581 698 1639 maius
727 1588 774 1640 est
796 1580 1034 1655 mirabiliusque,

69 1664 155 1740 quod
169 1665 243 1724 nulli
258 1680 402 1740 umquam
423 1664 511 1724 citius
531 1664 651 1738 gladius
674 1664 856 1724 commissus
878 1672 933 1725 est.
971 1664 1065 1724 cled

67 1747 180 1808 mentia
196 1764 268 1823 ergo
285 1764 346 1807 non
359 1754 475 1808 tantum
494 1746 701 1819 honestiores,
724 1748 780 1807 sed
800 1749 927 1808 tutiores
948 1764 1036 1824 prae-

68 1839 143 1905 stat,
161 1839 431 1907 ornamentumque
445 1830 641 1905 imperiorum
655 1838 704 1892 est
717 1833 805 1892 simul
823 1839 852 1891 et
867 1832 1036 1893 certissima

68 1916 162 1975 salus.
203 1915 279 1989 Quid
304 1914 383 1974 enim
404 1921 466 1987 est,
487 1914 602 1990 [quod,]
626 1931 694 1975 curn
715 1932 804 1990 reges
820 1917 1036 1977 consenuerint

67 2000 235 2074 liberisque
255 2015 292 2059 ac
314 1997 480 2074 nepotibus
503 1999 682 2058 tradiderint
700 2016 809 2075 regna,
835 2009 1036 2079 tyrannorum

67 2082 267 2144 exsecrabilis
288 2099 325 2143 ac
345 2082 447 2143 brevis
468 2089 607 2159 potestas
628 2089 696 2144 estt
725 2083 800 2158 Quid
820 2083 945 2144 interest
958 2085 1036 2145 inter

67 2170 231 2244 tyrannum
244 2172 274 2227 et
295 2173 421 2242 regem?
449 2168 570 2242 species
592 2165 672 2226 enim
694 2168 762 2242 ipsa
782 2169 921 2229 fortunae
943 2183 980 2226 ac
1000 2165 1034 2224 li-

67 2251 166 2310 centia
180 2267 237 2325 par
251 2259 313 2323 est,
329 2252 388 2311 nisi
404 2251 487 2326 quod
501 2251 623 2330 tyranni
638 2251 668 2309 in
682 2253 870 2327 voluptatem
884 2250 1033 2323 saeviunt,
1118 2256 1121 2261 '

65 2349 157 2408 reges
173 2335 307 2415 nonnisi
322 2351 361 2395 ex
377 2351 471 2395 causa
485 2352 522 2395 ac
537 2335 728 2394 necessitate.

128 2419 193 2479 XII.
214 2418 292 2492 Quid
307 2426 402 2493 ergo?
430 2435 491 2478 non
513 2434 603 2493 reges
618 2433 742 2493 quoque
757 2416 898 2477 occidere
915 2417 1035 2477 solent?
1048 2428 1064 2481 1

66 2502 123 2562 sed
140 2502 282 2577 quotiens
296 2501 327 2562 id
342 2503 408 2562 lieri
428 2503 548 2577 publica
561 2500 674 2562 utilitas
688 2502 867 2576 persuadet:
896 2501 1034 2579 tyrannis

66 2586 195 2646 saevitia
210 2587 295 2647 cordi
310 2593 366 2646 est.
403 2587 564 2665 Tyrannus
582 2591 683 2646 autem
703 2600 721 2643 a
740 2601 813 2660 rege
828 2583 920 2646 distat
935 2583 1033 2658 iactis,

65 2670 266 2730 nonnomine.
282 2686 353 2729 uam
364 2677 394 2729 et
400 2671 567 2748 Dionysius
579 2668 676 2729 maior
687 2669 752 2728 iure
764 2668 933 2743 meritoque
945 2684 1034 2743 prae·

65 2751 139 2813 ferri
159 2754 260 2814 multis
280 2755 404 2829 regibus
424 2761 527 2829 potest
545 2760 575 2813 et
588 2754 621 2813 L.
637 2752 751 2813 Sullam
769 2753 916 2829 adpellari
929 2759 1032 2831 tyran-

66 2852 138 2896 num
154 2837 228 2911 quid
243 2837 399 2912 prohibet,
416 2839 464 2899 cui
480 2838 641 2898 occidendi
653 2837 745 2896 linem
764 2837 835 2898 lecit
854 2836 958 2912 inopia
979 2836 1033 2897 ho·

67 2919 180 2981 stium?
199 2921 400 2982 Descenderit
410 2922 512 2982 liceto
531 2922 681 2982 dictatura
695 2938 752 2981 sua
767 2928 797 2981 et
811 2937 846 2981 se
861 2930 950 2996 togae
964 2919 1063 2985 red-a

66 3003 191 3080 diderit,
217 3005 286 3080 quis
304 3012 404 3065 tamen
423 3022 566 3082 umquam
587 3013 737 3085 tyrannus
751 3011 812 3064 tarn
827 3005 916 3065 avide
929 3004 1035 3064 huma·

65 3104 136 3148 num
151 3090 330 3164 sanguinem
343 3088 419 3150 bibit
432 3106 524 3164 quam
537 3088 603 3161 ille,
630 3088 682 3165 qui
697 3095 813 3164 septem
829 3088 910 3148 milia
924 3086 1035 3147 civium

65 3170 272 3233 Romanorum
293 3173 497 3234 contrucidari
519 3172 629 3232 iussit?
658 3182 689 3233 et
715 3189 784 3233 cum
810 3173 840 3232 iu
866 3170 969 3233 vicino
995 3170 1035 3231 ad

66 3257 174 3316 aedem
187 3256 333 3318 Bellonae
357 3257 470 3316 sedens
495 3257 673 3335 exaudisset
700 3256 969 3317 conclamationem
990 3261 1035 3315 tot

66 3339 178 3400 milium
189 3341 247 3400 sub
262 3340 365 3416 gladio
376 3340 568 3415 gementium,
584 3341 727 3401 exterrito
740 3348 863 3401 senatu:
877 3339 943 3402 Hoc
952 3356 1035 3414 auu-

64 3437 143 3497 mus,
168 3424 284 3499 inquit,
305 3425 339 3485 P.
355 3424 402 3499 a,
426 3425 558 3485 seditiosi
566 3428 693 3502 pauculi
711 3441 774 3486 mco
788 3429 869 3487 iussu
888 3426 1034 3486 occidam

65 3512 121 3571 tur.
153 3503 220 3568 Hoc
242 3526 304 3570 non
329 3517 377 3570 est
400 3508 559 3569 mentitusz
591 3507 682 3586 pauci
707 3508 812 3569 Sullae
843 3509 1033 3570 videbantur.
