2438 3968
259 242 313 301 ΑΒ
336 194 520 302 susurrum
538 240 589 299 nu
610 236 707 300 curo.
732 247 818 303 s-r.
904 233 906 236 ·
974 236 1035 299 roo

57 396 182 455 desunt:
206 393 316 468 ecquid
330 393 372 452 illi
387 409 492 453 secum
507 408 579 452 esse
594 391 772 468 permittes?
800 392 864 466 Quo
880 394 981 454 animo
996 393 1063 466 adq

57 481 149 539 otium
173 478 298 552 sapiens
319 477 455 538 secedit?
475 486 508 537 ut
528 475 605 537 sciat
625 491 660 534 se
679 482 741 535 tum
763 491 888 552 quoque
902 493 939 537 ca
953 485 1035 538 actu·

56 581 132 635 rum,
149 578 204 636 per
219 577 299 636 quae
313 562 445 636 posteris
463 560 568 635 prosit.
594 561 657 620 Nos
677 567 758 620 certe
773 578 879 622 sumus
896 562 948 635 qui
963 563 1035 622 diei·

57 664 124 707 mus
141 655 171 705 et
183 647 338 707 Zenonem
359 654 389 705 et
403 644 608 723 Chrysippum
630 643 747 704 maiora
761 646 878 720 egisse,
904 646 1037 720 quamsi

57 731 219 791 duxissent
233 730 402 800 exercitus,
424 729 596 803 gessissent
610 728 758 802 honores,
781 730 866 804 leges
881 731 1036 789 tulissent:

58 832 135 890 quas
157 831 218 874 non
242 814 292 873 uni
314 813 441 887 civitati,
466 814 522 873 sed
543 813 597 874 toti
618 813 751 873 humano
771 812 875 888 generi
896 815 1037 874 tulerunt.

58 899 131 973 quid
147 906 195 957 est
208 914 298 972 crgo,
316 913 410 973 quare
426 898 486 957 tale
502 898 594 958 otium
610 915 671 958 non
688 898 850 958 conveniat
863 898 945 957 bono
961 897 1037 971 viro,

58 1000 113 1057 per
129 983 212 1057 quod
228 984 328 1041 lutura
349 983 454 1041 secula
468 982 588 1041 ordinet
609 997 665 1041 nee
681 982 765 1056 apud
781 997 898 1057 paucos
914 981 1038 1041 concio-

58 1075 154 1139 netur,
171 1067 227 1125 sed
240 1067 323 1140 apud
339 1080 445 1126 omnes
462 1064 595 1125 omniurn
609 1067 743 1140 gentium
758 1065 907 1138 homines,
925 1065 1038 1141 quique

58 1159 128 1211 sunt
143 1149 258 1226 quique
274 1156 382 1210 crunt?
409 1150 457 1207 Ad
475 1166 624 1209 summam
640 1167 772 1226 quaero,
793 1168 831 1209 an
857 1166 895 1209 ex
912 1153 1065 1226 praeced

55 1236 118 1316 ptis
134 1235 199 1295 suis
215 1235 344 1293 vixerint
358 1235 518 1294 Cleanthes
534 1241 564 1294 et
578 1234 770 1313 Chrysippus
788 1241 818 1294 et
831 1234 945 1295 Zenon.
977 1250 1037 1293 non

59 1319 151 1379 dubie
165 1318 371 1393 respondebis
383 1318 429 1378 sic
441 1317 510 1379 illos
527 1319 659 1390 vixisse,
683 1319 937 1392 quemadmodum
951 1318 1036 1377 dixe-

58 1410 126 1463 rant
151 1419 222 1463 esse
249 1402 426 1461 vivendum:
455 1403 538 1477 atqui
562 1419 651 1463 nemo
676 1403 795 1462 illorum
820 1400 1036 1478 rempublicam

59 1486 289 1546 administravit.
319 1487 403 1560 „Non
421 1487 489 1556 luit,
514 1486 632 1560 inquis,
653 1487 711 1544 illis
734 1494 786 1545 aut
800 1501 837 1545 ca
852 1487 972 1547 iortuna
987 1492 1037 1544 aut

59 1572 190 1645 dignitas
207 1586 252 1644 ea,
279 1587 358 1645 quae
372 1570 487 1629 admitti
502 1572 541 1630 ad
558 1569 746 1644 publicarum
765 1585 865 1630 rerum
886 1569 1037 1631 tractatio·

61 1671 130 1714 nem
150 1655 260 1714 solet.“
295 1653 356 1713 Sed
384 1653 474 1712 iidem
500 1653 694 1715 nihilominus
718 1671 780 1714 non
801 1669 927 1729 segnem
947 1669 1038 1729 egere

63 1738 170 1798 vitam:
185 1739 373 1810 invenerunt,
391 1738 647 1812 quemadmodum
662 1739 731 1812 plus
748 1737 835 1812 quies
851 1739 969 1799 illorum
984 1738 1037 1797 ho·

62 1822 193 1882 minibus
205 1823 370 1896 prodesset
382 1838 472 1897 quam
484 1823 611 1882 aliorum
624 1822 783 1883 discursus
799 1830 829 1883 et
843 1823 947 1883 sudor.
964 1838 1038 1898 ergo

63 1906 256 1966 nihilominus
280 1906 309 1965 hi
330 1908 454 1967 multum
483 1907 584 1980 egisse
611 1907 776 1981 visisunt,
807 1908 945 1983 quamvis
966 1906 1038 1967 nihil

62 1991 183 2066 publice
197 1999 331 2065 agerent.

121 2076 186 2134 Vll.
208 2076 369 2135 Praeterea
387 2075 442 2134 tria
456 2089 570 2148 genera
584 2083 655 2135 sunt
672 2077 758 2148 vitae,
774 2075 851 2136 inter
864 2091 942 2149 quae
955 2077 1061 2149 quodt

60 2160 99 2220 sit
117 2160 271 2234 optimum,
289 2161 395 2235 quaeri
413 2161 505 2219 solet=
529 2176 621 2219 unum
636 2160 783 2234 voluptati
797 2167 895 2230 vacat,
911 2159 1036 2219 alterum

62 2244 323 2319 contemplationi,
349 2243 468 2304 tertium
493 2244 613 2304 actioni.
642 2242 772 2303 Primum
798 2243 940 2318 deposita
966 2258 1038 2303 oon-

63 2328 194 2389 tentionc
209 2328 414 2402 depositoque
429 2326 516 2399 odio,
540 2329 623 2403 quod
645 2327 825 2402 inplacabile
847 2327 969 2386 diversa
989 2341 1038 2386 se·

64 2411 225 2487 quentibus
246 2413 427 2483 indiximus,
449 2411 622 2484 videamus,
644 2428 682 2470 an
697 2411 773 2471 baec
788 2411 890 2471 omnia
904 2411 943 2469 ad
957 2408 1037 2469 idem

62 2496 120 2556 sub
142 2495 201 2555 alio
217 2503 308 2569 atque
325 2497 384 2555 alio
406 2496 489 2556 titulo
505 2495 692 2570 perveniant.
722 2510 779 2554 nec
794 2492 859 2566 ille,
883 2494 934 2568 qui
955 2495 1040 2553 volu·

64 2585 176 2655 ptatem
204 2580 325 2655 probat,
353 2580 420 2640 sine
444 2580 699 2654 contemplatione
725 2585 781 2638 est.
812 2593 870 2637 nec
897 2579 961 2650 ille,
987 2579 1039 2652 qui

64 2663 309 2738 contemplationi
324 2663 458 2737 inservit,
474 2664 540 2722 sine
556 2664 711 2737 voluptate
725 2670 781 2722 est.
808 2678 864 2721 nec
877 2662 935 2733 ille,
952 2661 1039 2722 cuius

63 2748 126 2808 vita
149 2748 321 2808 actionibus
346 2746 496 2807 destinata
520 2756 582 2822 est,
611 2748 677 2806 sine
702 2745 958 2821 contemplatione
982 2755 1038 2806 est.

63 2831 255 2904 „Plurimum
272 2831 383 2906 inquis,
400 2830 581 2892 discriminis
597 2839 657 2905 est,
674 2838 772 2890 utrum
788 2830 889 2905 aliqua
903 2845 953 2889 res
970 2834 1070 2903 pro-2

64 2918 196 2992 positum
221 2917 274 2986 sit,
301 2933 338 2974 an
366 2915 514 2991 propositi
539 2916 662 2976 alterius
690 2915 828 2975 accessio
854 2912 923 2974 sit.“
959 2913 1040 2973 Sane

64 3002 180 3076 grande
194 3001 366 3071 discrimen,
383 3006 482 3058 tamen
497 3001 623 3059 alterum
637 2999 704 3059 sine
719 3000 813 3058 altero
829 3014 889 3057 non
905 3003 966 3058 est:
982 3013 1039 3057 nec

63 3086 113 3146 ille
125 3085 192 3146 sinc
204 3084 323 3146 actione
335 3085 564 3158 contemplatur,
579 3099 635 3143 nec
647 3084 695 3143 lric
706 3083 772 3142 sine
785 3081 1040 3156 contemplatione

64 3171 133 3245 agit,
150 3185 207 3230 nec
222 3170 270 3228 ille
285 3169 399 3243 tertius,
415 3168 454 3228 de
470 3183 531 3241 quo
543 3169 620 3226 male
632 3167 807 3227 existimare
818 3165 1039 3236 consensimus,

63 3257 248 3330 voluptatem
264 3254 389 3312 inertem
406 3252 526 3328 probat,
543 3253 596 3310 sed
613 3268 695 3322 eam,
711 3267 802 3326 quam
816 3249 932 3310 ratione
947 3249 1041 3309 elficit

64 3339 180 3399 firmam
206 3338 273 3399 sibi.
304 3337 347 3396 lta
367 3335 493 3397 ethaeo
519 3336 587 3410 ipsa
610 3333 782 3410 voluptaria
806 3341 891 3394 secta
915 3332 946 3392 in
971 3341 1069 3396 actu3

63 3432 119 3483 est.
150 3421 255 3497 quidni
277 3421 324 3495 [in
345 3430 415 3482 actu
435 3422 519 3498 est]t
540 3436 609 3479 cum
631 3420 697 3494 ipse
718 3417 798 3478 dicat
814 3419 965 3493 Epicurus
986 3416 1039 3476 ali·

64 3508 188 3579 quando
205 3522 238 3565 se
254 3521 447 3565 recessurum
463 3521 481 3563 a
496 3504 666 3578 voluptate,
687 3504 823 3564 dolorem
841 3502 931 3562 etiam
945 3502 1039 3575 adpe-
