2438 3968
227 253 279 314 Du
291 251 623 325 TRANQUILLITATE
636 251 758 310 aulul.
774 260 872 312 10.11.
971 250 1034 316 187

66 406 301 479 6166616666,
317 419 374 464 nec
389 405 526 464 fortunae
537 403 691 463 arbitrium
701 404 861 464 desinendi
871 406 960 479 darc,
976 406 1034 467 sed

65 490 153 565 ipsos
167 489 259 549 multo
276 488 396 563 quidem
414 488 488 547 citra
503 493 613 563 [quom]
626 488 766 562 exempla
780 488 944 563 hortentur,
960 505 1032 550 con·

66 575 189 634 sistere:
206 572 251 632 sic
265 579 295 632 61
309 573 429 646 aliquae
445 570 625 647 cupiditates
640 572 770 631 animum
785 580 908 648 acuent,
923 572 1033 634 611161-

65 665 114 719 tae
129 672 188 716 non
201 656 230 714 in
243 657 413 716 inmensum
426 656 635 729 incertumque
649 655 827 729 producent.

128 739 1060 813 Χ1.66166661661666116611666666166616661

66 823 1033 898 nosbicmeussermopertinetnonadsapientem.

65 908 142 968 Huic
163 922 223 966 uon
238 906 342 966 timide
357 921 414 966 nec
435 907 616 980 pedetentim
632 906 845 967 ambulandum
861 913 917 967 est.
950 914 1034 968 tanta

64 991 145 1052 enim
167 991 279 1050 fiducie
294 989 341 1050 sui
357 998 420 1062 est,
440 997 475 1049 ut
489 988 611 1049 obviam
627 992 766 1052 fortunae
781 991 825 1050 ire
839 1006 901 1051 non
918 990 1033 1052 dubitet

64 1091 123 1134 nec
143 1090 286 1150 umquam
307 1075 376 1134 loco
398 1073 439 1132 illi
454 1088 600 1133 cessurus
614 1073 662 1134 sit.
683 1074 863 1148 nechabet,
884 1074 936 1134 ubi
951 1074 1033 1134 ibam

64 1160 181 1230 timeat,
198 1157 270 1232 quia
284 1175 344 1217 non
358 1158 508 1233 mancipia
522 1164 635 1218 tantum
649 1157 930 1233 possessionesque
944 1165 974 1218 et
988 1158 1033 1218 di·

63 1243 223 1317 gnitatem‚
246 1242 302 1301 sed
322 1257 435 1316 corpus
456 1258 579 1317 quoque
598 1258 686 1301 suum
701 1248 731 1303 et
745 1243 852 1302 oculos
867 1250 897 1301 et
910 1257 1032 1302 manum

63 1333 95 1386 et
115 1323 261 1401 quicquid
282 1325 429 1385 cariorem
450 1326 541 1385 vitam
556 1325 704 1385 iacturum
721 1325 800 1403 mad,
822 1340 918 1400 seque
932 1327 1033 1400 ipsum

63 1410 142 1470 inter
156 1409 295 1483 precaria
310 1417 446 1469 numerat
459 1409 594 1482 vivitque
608 1418 641 1469 ut
656 1410 865 1469 commodatus
876 1407 934 1469 sibi
946 1416 976 1468 61
985 1424 1033 1468 66·

63 1491 263 1568 poscentibus
285 1492 351 1551 sine
369 1491 488 1552 tristitia
509 1492 692 1553 redditurus.
729 1492 792 1551 Nec
812 1492 881 1552 ideo
902 1493 969 1552 vilis
986 1492 1062 1552 6611

63 1574 139 1649 sibi,
155 1576 226 1650 quia
241 1574 298 1636 6611
314 1591 348 1635 66
363 1593 451 1637 suum
466 1591 527 1634 non
543 1591 629 1656 6666,
644 1577 700 1636 sed
717 1574 818 1636 omnia
831 1583 893 1636 tam
906 1576 1032 1651 diligen-

64 1668 110 1720 ter
124 1660 228 1732 166161,
243 1666 304 1719 tam
319 1660 553 1734 circumspecte,
569 1675 659 1734 quam
675 1658 839 1733 religiosus
853 1658 944 1720 homo
961 1675 1032 1719 san·

63 1751 193 1816 eiusque
209 1743 374 1802 solettueri
386 1742 458 1803 fidei
470 1743 642 1803 conimissa.
663 1743 921 1817 Quandocumque
932 1750 1032 1803 autem

63 1827 194 1885 reddere
208 1826 374 1901 iubebitur,
397 1843 456 1887 non
473 1834 615 1901 queretur
630 1844 698 1888 cum
713 1828 847 1900 fortuna,
873 1827 929 1887 sed
945 1825 1031 1887 dicit:

63 1910 202 1984 „gratius
216 1925 274 1984 ago
291 1926 346 1985 pro
361 1927 413 1985 eo,
429 1910 512 1984 quod
524 1911 649 1985 possedi
660 1910 824 1985 habuique.
846 1910 1062 1986 6166666613

63 1995 132 2053 deni
154 2010 203 2053 ros
222 2002 290 2053 tuus
311 1995 452 2054 mercede
474 1995 572 2067 colui,
593 1994 648 2054 sed
664 1995 736 2069 quia
749 1994 800 2053 illa
813 1995 961 2070 imperaS,
979 1995 1030 2068 do,

64 2078 141 2137 cedo
163 2086 267 2152 gratus
287 2078 457 2154 libensque.
489 2078 516 2137 si
537 2079 610 2154 quid
629 2078 743 2139 habere
763 2094 811 2137 me
825 2077 868 2138 tui
882 2077 1031 2151 volueris,

62 2161 234 2221 etiamnunc
256 2161 402 2222 servabo:
423 2160 451 2222 si
469 2162 551 2222 aliud
567 2163 680 2236 placet,
700 2177 758 2236 ego
774 2178 848 2222 vero
864 2164 975 2221 lactum
991 2161 1031 2220 si·

63 2253 247 2320 gratumque
262 2254 432 2320 argentum,
447 2245 570 2306 domum
585 2244 789 2320 familiamque
804 2261 903 2305 meam
918 2245 1031 2317 reddo,

62 2329 220 2391 restituo.“
247 2329 458 2403 Adpellaverit
472 2338 579 2390 natura
594 2345 673 2403 quae
688 2330 771 2404 prior
784 2329 873 2389 nobis
888 2327 1031 2400 credidit,

62 2417 94 2469 61
108 2411 177 2471 huic
192 2412 341 2473 dicemus:
357 2411 487 2488 „recipe
501 2414 632 2472 animum
640 2413 794 2473 meliorem
807 2428 896 2488 quam
909 2411 1031 2471 dedisti.

63 2511 124 2554 666
151 2494 335 2568 tergiversor
359 2512 416 2556 nec
440 2498 568 2572 refugio.
601 2503 739 2570 paratum
753 2496 848 2555 babes
864 2491 1032 2569 avolante,

63 2579 148 2653 quod
163 2594 225 2637 non
240 2580 379 2639 sentienti
396 2579 521 2640 dedisti:
537 2582 631 2640 66166.
641 2587 659 2612 “
681 2579 803 2639 Reverti
815 2579 896 2638 unde
910 2577 1064 2646 vene-riso

63 2663 135 2736 quid
167 2678 260 2737 grave
284 2669 351 2722 6611
387 2664 483 2722 male
513 2662 631 2734 vivet,
664 2662 847 2738 quisquis
881 2660 1033 2722 nesciet

62 2747 159 2806 bene
181 2746 282 2806 mori.
313 2746 384 2807 huie
404 2747 507 2820 itaque
521 2749 649 2822 primum
667 2747 710 2805 rei
726 2747 856 2822 pretium
871 2745 1031 2807 detrahen-

61 2831 134 2890 dum
155 2838 202 2890 est
222 2837 251 2889 61
266 2828 434 2905 spiritus
449 2830 657 2890 intervilia
672 2831 937 2890 numerandus.
962 2829 1031 2889 Gla·

61 2916 205 2988 dictores,
226 2920 259 2973 ut
278 2913 318 2974 ait
333 2913 453 2985 Cicero,
468 2917 575 2976 incisos
588 2916 740 2987 1111116116,
757 2915 1032 2975 1161661611ουί-

60 3008 120 3057 tum
140 3002 293 3074 inpetrare
305 3001 444 3074 cupiunt·
463 2998 613 3072 fovemus,
633 3002 662 3059 61·
674 3006 868 3073 contemptum
880 3002 944 3058 6166
954 3012 1033 3072 proc

59 3099 92 3141 66
103 3082 219 3156 [munt.
250 3083 333 3141 ldem
359 3081 481 3141 evenire
506 3083 595 3142 nobis
611 3081 703 3143 scias.
734 3097 830 3156 saepe
844 3082 924 3140 enim
938 3094 1034 3140 causa

60 3164 209 3226 moriendi
231 3173 278 3226 est
299 3165 402 3226 timide
417 3166 504 3224 mori.
536 3166 670 3227 Fortuna
682 3167 747 3239 illa,
774 3180 853 3240 quae
869 3165 958 3225 ludos
973 3161 1063 3225 sibit

61 3250 146 3308 lacit:
162 3266 267 3324 ,‚quo,
283 3249 394 3326 inquit,
411 3257 440 3310 te
455 3264 625 3325 reservem,
640 3250 794 3310 melum'et
806 3249 955 3324 trepidum
967 3246 1030 3306 aui·

60 3335 142 3392 malt
155 3349 192 3393 eo
207 3335 304 3408 magis
319 3333 585 3395 convulneraberis
599 3339 629 3393 et
640 3332 834 3406 confodieris,
848 3333 918 3408 quia
928 3329 1031 3392 666616

59 3417 209 3491 praebere
233 3417 382 3491 iugulum:
407 3425 439 3479 at
457 3425 490 3479 16
505 3426 535 3478 61
547 3418 633 3477 61666
650 3417 762 3477 diutius
780 3424 811 3477 61
823 3418 962 3478 morieris
977 3430 1031 3475 ex·

60 3500 208 3575 peditius,
236 3502 287 3575 qui
310 3503 422 3562 serrum
442 3518 503 3562 non
519 3502 669 3562 subducta
684 3502 804 3562 cervice
818 3516 875 3561 nec
889 3499 1031 3560 manibus
