2438 3968
187 229 230 291 34
275 230 375 289 DIAL.
398 230 434 288 ΙΙ,
459 229 533 288 NEC
546 228 726 289 INIURIAM
739 228 812 288 ttttc
828 227 991 288 CONTUM.
1007 244 1073 288 nuc.
1164 244 1167 255 ·

119 382 121 389 ’
190 380 311 458 quando
327 380 416 441 etiam
431 380 614 441 salutaribus
631 396 692 440 non
708 395 914 454 occurremua,
924 381 997 441 dum
1009 382 1167 444 muliebris

189 482 246 525 nos
263 480 336 525 cura
350 463 432 538 angit
444 464 560 539 aliquid
580 471 685 524 nonna
699 464 829 524 animum
844 464 997 524 audiendi.
1026 466 1168 542 aliquan·

190 552 239 609 do·
256 549 344 609 etiarn
366 548 474 608 obirati
502 547 675 623 potentibus
701 547 877 622 detegemus
904 547 984 608 hunc
1011 549 1169 614 adiectum

189 631 400 708 intemperanti
415 632 561 692 libertate.
602 648 663 692 non
685 637 732 690 est
746 639 845 692 autem
859 632 982 693 libertas
998 632 1074 691 nihil
1097 636 1169 711 pati.

190 719 327 781 fallimur.
359 714 482 776 libertas
497 723 545 775 est
558 713 687 775 animum
702 730 911 790 superponere
926 715 1043 777 iniuriis
1057 723 1090 778 et
1102 735 1170 780 eum
1208 770 1211 775 .

190 804 290 862 lacere
304 816 353 872 se,
370 815 410 860 ex
425 814 486 873 quo
502 799 569 858 solo
591 799 648 858 sibi
662 799 825 873 gaudenda
843 799 974 860 veniant.
1012 804 1170 866 exteriora

190 887 342 946 deducere
357 900 376 943 a
390 898 440 954 se,
454 898 493 941 ne
507 881 643 957 inquieta
658 882 777 956 agenda
793 883 833 942 sit
846 883 907 943 vita
921 884 1059 944 omniurn
1074 887 1167 961 risuS,

190 970 323 1030 omnium
338 968 457 1041 linguas
473 965 595 1028 timenti.
636 966 705 1040 quis
726 966 804 1025 enim
825 974 886 1039 est,
909 966 1041 1041 quinon
1066 974 1169 1045 possit

160 1051 401 1113 3contumeliam
417 1051 527 1122 lacere,
542 1049 569 1108 si
585 1049 746 1125 quisquam
761 1056 883 1124 potesta
918 1050 1050 1112 Diverso
1067 1061 1168 1115 autem

189 1135 325 1198 remedio
340 1140 440 1193 utetur
461 1133 586 1207 sapiens
601 1134 830 1208 adsectatorque
851 1134 1037 1208 sapientiae=
1065 1136 1167 1213 inper-

190 1220 277 1280 fectis
293 1217 372 1276 enim
387 1226 417 1277 et
434 1215 535 1275 adhuc
556 1217 595 1276 ad
617 1216 770 1291 publicum
790 1234 824 1276 se
843 1216 988 1278 iudicium
1009 1218 1167 1296 dirigenti·

188 1305 247 1363 bus
262 1302 321 1362 hoc
336 1300 570 1376 proponendum
590 1306 638 1360 est
658 1300 734 1360 inter
753 1300 877 1361 iniurias
897 1300 984 1377 ipsos
1008 1311 1167 1366 contume-

188 1388 310 1462 liasque
335 1385 449 1446 debere
474 1384 605 1444 versari:
633 1385 736 1444 omnia
756 1385 870 1446 leviora
891 1386 1030 1447 accident
1053 1403 1168 1465 exspe-

190 1471 348 1533 ctantibus.
362 1486 423 1544 quo
437 1467 568 1543 quisque
579 1467 737 1528 honestior
746 1484 867 1542 genere,
880 1471 967 1541 lama,
981 1471 1167 1544 patrimonio

189 1562 245 1629 est,
260 1554 319 1615 hoc
335 1569 369 1613 se
384 1553 490 1614 lortius
505 1559 598 1626 gerat.
630 1568 745 1611 memor
766 1554 797 1612 in
817 1553 914 1627 prima
931 1553 1000 1626 ,acie
1020 1554 1105 1618 altos
1121 1572 1166 1617 or·

190 1639 277 1699 dines
292 1645 389 1710 stare,
405 1637 602 1697 contumelias
619 1643 649 1696 et
664 1637 758 1696 verba
771 1637 923 1713 probrosa
937 1645 967 1698 et
981 1638 1168 1712 ignominias

190 1731 220 1782 et
244 1729 344 1781 cetera
369 1721 640 1780 dehonestamenta
660 1722 741 1781 velut
762 1723 924 1781 clamorem
939 1721 1076 1782 hostium
1091 1727 1167 1786 terat

190 1813 220 1864 et
233 1805 401 1878 longinqua
415 1805 475 1863 tela
491 1810 520 1862 et
536 1818 612 1862 saxa
623 1805 690 1862 sine
704 1805 829 1865 volnere
844 1805 924 1865 circa
944 1808 1051 1879 galeas
1069 1811 1165 1885 crepi-

190 1889 292 1948 tantia.
324 1886 449 1946 iniurias
472 1902 543 1945 vero
562 1894 596 1945 ut
616 1887 755 1959 volnera,
779 1890 837 1948 alia
852 1889 957 1963 armo,
975 1888 1033 1949 alia
1048 1894 1167 1966 pectori

189 1971 298 2043 infixa,
322 1986 384 2028 non
405 1970 556 2040 deiectus,
582 1985 620 2027 ne
640 1978 739 2031 motus
755 1972 877 2047 quidem
892 1973 990 2046 gradu
1005 1977 1167 2038 sustineat.

190 2053 307 2113 etiamsi
339 2053 485 2128 premeris
511 2060 541 2113 ct
565 2052 674 2114 infesta
699 2054 728 2113 vi
753 2056 886 2130 urgeris,
927 2058 1038 2117 cedere
1066 2066 1166 2121 tamen

102 2215 105 2219 .
190 2146 278 2212 torpe
302 2145 362 2196 est:
390 2137 580 2210 adsignatum
604 2145 748 2198 enatura
773 2140 876 2199 locum
902 2145 996 2199 tuere.
1042 2145 1168 2217 quaeris

161 2224 260 2296 equis
273 2221 322 2279 hie
337 2220 377 2280 sit
390 2222 498 2280 locust
520 2220 584 2278 viri
616 2220 751 2297 Sapienti
772 2223 854 2283 aliud
875 2224 1018 2291 auxilium
1033 2233 1087 2286 cst
1100 2228 1169 2289 huic

190 2305 383 2367 eontrarium.
415 2320 471 2364 vos
487 2304 566 2363 enim
579 2320 643 2364 rem
658 2306 777 2380 geritis,
798 2306 839 2366 illi
860 2316 946 2382 parta
960 2307 1094 2371 victoria
1112 2319 1168 2373 est.

189 2391 233 2449 Ne
246 2395 414 2464 repugnate
430 2393 532 2449 vestro
547 2389 629 2449 bono
648 2397 677 2450 et
697 2390 775 2450 hano
791 2406 892 2464 spem,
914 2392 984 2450 dum
1003 2391 1044 2450 ad
1062 2410 1169 2457 verum
1191 2434 1196 2441 -

190 2474 388 2550 pervenistis,
416 2472 484 2533 alite
498 2472 529 2531 in
543 2472 651 2533 animis
671 2474 862 2548 libentesque
884 2476 1011 2534 meliora
1031 2479 1170 2556 excipite

191 2567 220 2618 et
235 2557 378 2632 opinione
399 2571 435 2615 ac
457 2562 528 2616 voto
552 2556 664 2617 iuvate:
687 2573 758 2617 esse
781 2558 895 2633 aliquid
914 2558 1072 2631 invictum,
1097 2578 1171 2625 essa

191 2641 331 2714 aliquem,
344 2641 374 2700 in
389 2658 479 2715 quem
492 2639 564 2699 nihil
577 2641 696 2701 fortuna
712 2643 820 2716 possit,
839 2658 857 2701 e
874 2641 1032 2717 republica
1050 2655 1102 2707 cst
1117 2662 1171 2724 ge·

189 2724 272 2784 neris
289 2725 411 2784 hnmani
