2438 3968
194 242 257 303 296
487 242 518 299 L.
538 243 684 303 ANNAEI
705 245 880 305 SENECAE

196 411 267 455 num
279 397 372 466 levat,
392 401 422 454 et
436 394 599 467 severitaS,
616 398 698 470 quod
711 397 874 459 maximnm
887 396 1062 458 remedium
1074 399 1175 474 habet,

163 478 377 539 3adsiduitate
399 479 504 538 amittit
523 480 740 540 auctoritatem.
776 480 937 541 Constituit
951 482 1057 543 bonos
1073 501 1173 544 mores

172 563 309 624 civitati
328 562 471 638 prInceps
486 571 516 621 et
529 561 602 622 vitia
616 563 683 624 eins
698 565 816 625 facilius
831 565 984 639 reprimit,
1009 567 1036 626 si
1054 568 1172 642 pattens

195 663 300 706 eornm
321 653 382 719 est,
403 662 463 706 non
484 654 636 721 tamquam
659 649 783 723 probet,
806 649 862 708 sed
883 657 1042 724 tamquam
1058 651 1171 712 invitus

195 740 309 792 etcum
323 746 433 804 magno
445 737 575 790 ttormen
563 733 645 791 toad
659 733 868 808 castigandum
883 731 1000 792 veniat:
1020 750 1169 796 verecun-

195 816 276 874 diam
289 814 437 890 peccandi
449 815 521 873 tacit
531 815 599 889 ipsa
607 817 766 877 clemenIIa
776 817 920 890 regentis.
942 817 1170 890 graviormnlto

194 914 297 974 poena
311 899 444 969 videtur,
468 914 547 972 quae
562 915 580 958 a
594 901 655 960 miti
669 901 733 960 viro
750 901 948 961 constituitur.

165 1034 178 1086 t
255 1024 360 1083 XXIII.
394 1024 555 1083 Praeterea
579 1026 697 1085 videbis
723 1042 760 1085 ea
783 1041 878 1100 saepe
899 1027 1065 1101 committi,
1094 1045 1170 1103 quae

194 1123 290 1182 saepe
305 1108 505 1168 vindicantur.
532 1108 621 1168 Pater
634 1118 703 1169 tnus
719 1111 821 1184 plures
835 1108 912 1169 intra
926 1109 1169 1186 quinquennium

195 1194 282 1255 culeo
305 1191 412 1265 insuit,
435 1209 526 1267 quam
547 1193 686 1252 omnibus
708 1193 821 1254 seculis
840 1193 959 1254 insutos
982 1197 1167 1270 accepimus.

194 1278 289 1338 multo
314 1277 413 1336 minus
440 1277 593 1336 audebant
617 1277 703 1336 liberi
727 1279 814 1339 netas
838 1277 974 1338 nidmmn
1001 1278 1167 1353 admittere,

195 1362 340 1438 quamdiu
361 1360 427 1421 sIne
448 1362 516 1435 lege
537 1362 648 1420 crimen
670 1361 732 1421 fnit.
761 1377 879 1421 summa
899 1363 980 1421 enim
1006 1364 1167 1438 prodenda

194 1445 332 1507 altissimi
347 1445 403 1504 viri
419 1453 449 1504 et
461 1461 563 1505 rerum
578 1454 702 1504 naturae
719 1445 892 1519 peridssimi
903 1448 1080 1509 maluerant
1091 1451 1167 1508 vetut

193 1529 371 1590 incredibile
391 1532 493 1589 scelus
515 1537 544 1589 et
563 1531 641 1589 ultra
660 1529 818 1588 andaciam
841 1530 974 1603 positum
1001 1533 1167 1605 praeterire

161 1624 300 1690 aquam,
324 1615 395 1673 dum
410 1613 578 1686 vindicant,
601 1614 762 1673 ostendere
778 1630 872 1687 posse
884 1614 958 1672 fieri.
982 1615 1092 1690 itaque
1103 1633 1166 1692 par·

193 1699 307 1757 rioidae
328 1714 348 1756 a
368 1698 436 1773 lege
459 1705 627 1773 coeperunt
641 1706 671 1756 et
690 1695 749 1756 illis
765 1698 882 1757 lacinus
898 1713 1000 1772 poena
1016 1710 1165 1761 monstra-

193 1783 244 1839 vit.
270 1781 406 1855 pessimo
422 1798 495 1841 vero
511 1782 580 1842 Ioco
596 1782 691 1854 pietas
707 1781 775 1855 luit,
793 1787 954 1856 postquam
972 1784 1105 1858 saepius
1121 1801 1166 1844 cu·

193 1865 259 1923 leos
274 1864 405 1924 vidimus
421 1882 510 1939 quam
531 1881 648 1925 cruces.
680 1865 713 1923 In
731 1882 791 1939 qua
805 1864 925 1924 civitate
939 1881 1010 1927 raro
1026 1867 1165 1928 hommes

194 1945 374 2023 puniuntur,
397 1949 427 2006 in
449 1964 486 2007 ea
505 1963 676 2008 consensus
696 1949 730 2008 fit
743 1947 933 2009 innocentiae
947 1956 979 2008 et
993 1949 1166 2026 indulgetur

194 2032 277 2091 velut
298 2032 420 2106 publico
441 2032 533 2092 bono.
565 2039 650 2106 putet
674 2050 709 2092 se
729 2032 921 2094 innocentem
943 2049 1015 2094 esse
1043 2037 1164 2096 civitas:

193 2114 259 2176 erit.
281 2115 377 2190 magu
390 2115 537 2175 irascetur
549 2117 725 2177 aoommuni
735 2117 902 2192 frugalitate
910 2117 1164 2192 desciscentibus,

193 2201 220 2259 si
236 2216 354 2276 paucos
369 2215 424 2260 eos
439 2215 511 2260 esse
526 2200 642 2259 viderit.
678 2199 883 2261 Periculosum
899 2207 956 2274 est,
976 2201 1163 2275 mihicrede,

194 2284 358 2344 ostendere
374 2284 498 2358 civitati,
520 2291 632 2360 quanto
648 2286 751 2359 plures
767 2283 837 2344 mali
852 2284 921 2343 sint.

164 2422 176 2474 t
253 2411 359 2470 XXIV.
381 2411 468 2472 Dicta
478 2417 526 2471 est
536 2411 700 2485 aliquando
713 2427 732 2468 a
747 2418 854 2471 senatu
867 2411 1032 2471 sententia:
1057 2421 1093 2473 ut
1104 2425 1162 2473 ser·

191 2511 249 2555 vos
264 2512 284 2555 a
297 2494 400 2554 liberis
418 2495 516 2556 cultus
532 2495 738 2570 distingueret.
767 2493 879 2553 deinde
892 2494 1051 2568 adparuit,
1070 2513 1161 2571 quan·

192 2586 255 2639 tum
277 2579 445 2654 periculum
466 2578 637 2652 inmIneret,
668 2576 695 2637 si
714 2577 795 2637 servi
817 2578 911 2638 nostri
927 2594 1092 2641 numerare
1107 2595 1161 2640 nos

192 2663 384 2737 coepIssent=
414 2663 494 2722 idem
514 2661 591 2723 scito
613 2661 805 2722 metuendum
827 2677 912 2733 esse,
941 2661 968 2721 si
988 2663 1065 2723 nulli
1079 2665 1161 2739 igno·

193 2743 295 2807 scitur.
318 2747 378 2805 cito
391 2746 563 2821 adparehit,
579 2763 651 2821 pars
663 2745 791 2805 civitads
803 2745 934 2806 deterior
947 2753 1063 2821 quanto
1076 2763 1160 2822 prae*

192 2837 306 2904 gravet.
342 2830 408 2889 Non
429 2830 528 2889 minus
547 2830 675 2904 principi
696 2830 796 2902 turpia
819 2836 890 2890 sunt
904 2829 1161 2906 multasupplicIa

193 2930 284 2988 quam
307 2913 426 2976 medico
447 2916 539 2974 multa
560 2914 674 2974 lunera.
704 2912 863 2974 remissius
878 2913 1037 2988 imperanti
1053 2914 1161 2974 melius

160 3010 178 3062 2
192 3005 323 3072 paretur.
355 2997 468 3058 Natura
483 3006 645 3058 contumax
656 3004 703 3057 est
714 2997 864 3058 humanus
875 2997 993 3057 animus
1005 3005 1035 3057 et
1046 2998 1077 3056 in
1090 3014 1159 3059 con·

192 3082 316 3142 trarIum
336 3088 428 3157 atque
449 3081 579 3141 arduum
599 3081 697 3141 nitens
718 3082 916 3158 sequiturque
933 3081 1054 3142 laciIIus
1071 3098 1160 3157 quam

193 3165 319 3226 ducitur.
353 3172 383 3225 et
402 3174 435 3226 ut
454 3167 597 3241 generosi
617 3171 709 3239 atque
730 3165 848 3225 nobiles
864 3163 935 3240 equi
956 3163 1066 3226 melius
1082 3165 1161 3225 taciti

192 3248 277 3308 trono
296 3257 457 3325 reguntur,
479 3250 519 3310 ita
541 3250 726 3308 clementiam
741 3249 911 3310 voluntaria
927 3247 1103 3310 innocentia
1118 3251 1161 3308 in·

191 3339 264 3406 petn
284 3349 342 3394 suo
366 3333 504 3408 sequitur
523 3340 553 3392 et
573 3332 693 3408 dignam
709 3340 793 3407 putat
808 3334 928 3402 civitas,
952 3349 1044 3408 quarn
1059 3340 1163 3394 servet

162 3413 258 3474 3sibi.
294 3416 366 3477 Plus
385 3419 487 3492 itaque
510 3416 568 3477 hae
590 3417 639 3475 vta
661 3416 825 3491 proficitur.
853 3417 1017 3477 crudelitas
1037 3416 1162 3477 minime

190 3498 355 3559 humanum
368 3502 479 3561 malum
494 3508 541 3560 est
555 3500 771 3577 indignumque
784 3509 843 3562 tam
855 3500 917 3561 miti
929 3499 1041 3561 animo.
1065 3501 1162 3562 lenna
