2438 3968
198 273 262 338 244
363 276 397 335 L.
416 274 562 335 ANNAEI
584 273 758 333 SENECAE
780 271 882 332 DIAL.
900 270 965 332 XII.

199 428 366 489 trahentem
386 423 556 486 necessitas
575 431 606 485 et
624 423 749 484 victoris
771 431 869 483 metus
890 420 1059 497 longinqua
1076 438 1171 496 quae·

200 518 315 572 rentem
328 511 357 569 in
372 511 486 570 Italiam
502 507 616 568 detulit.
647 507 704 566 Hic
719 505 829 565 deinde
843 507 979 581 populus
997 513 1073 580 quot
1089 507 1172 566 colo-

201 596 268 654 nias
292 595 321 654 in
344 609 463 653 omnem
485 592 670 667 provinciam
691 591 792 649 misit?
822 589 1008 664 ubicumque
1022 589 1098 650 vicit
1111 591 1172 650 Ro-

201 694 308 739 manus
323 677 445 737 habitat.
464 676 514 734 Ad
528 675 606 734 hanc
622 673 875 733 conmutationem
888 674 1028 733 locorum
1037 674 1172 734 libentes

200 762 324 822 nomina
343 761 455 820 dabant
477 766 507 818 et
527 759 639 818 relictis
654 757 715 817 aris
730 757 795 817 suis
811 757 1004 817 transmaria
1019 758 1172 832 sequeba-

173 854 249 914 ntur
269 845 396 905 colonos
419 858 523 902 senex.
555 843 618 902 Res
641 841 764 916 quidem
785 857 846 901 non
868 840 1024 901 desiderat
1037 843 1171 916 plurium

202 928 467 989 enumerationem.
486 942 578 986 unum
592 932 691 984 tamen
705 925 849 995 adiciam,
866 925 948 998 quod
964 925 995 982 in
1011 927 1122 985 oculos
1138 941 1172 985 se

202 1011 319 1088 ingerit.
345 1011 428 1069 Haec
441 1010 509 1084 ipsa
524 1009 623 1068 insula
637 1023 732 1082 saepe
746 1009 803 1067 iam
821 1009 953 1068 cultores
968 1011 1108 1069 mutavit.
1140 1016 1172 1068 ut

203 1093 387 1170 antiquiora,
419 1109 497 1168 quae
517 1099 654 1153 vetustas
676 1091 817 1161 obduxit,
843 1099 1009 1165 transeam,
1033 1091 1172 1154 Phocide

202 1177 307 1238 relicta
322 1177 416 1251 Graii,
438 1177 490 1252 qui
512 1193 591 1236 nunc
606 1175 772 1235 Massiliam
793 1175 942 1249 incolunt,
965 1176 1052 1250 prius
1068 1177 1099 1235 in
1115 1176 1172 1235 hac

202 1262 302 1322 insula
316 1261 535 1332 consederunt,
551 1276 591 1320 ex
606 1275 665 1333 qua
683 1258 755 1331 quid
771 1274 826 1318 eos
842 1258 1005 1332 fugaverit,
1021 1259 1170 1321 incertum

203 1352 264 1419 est,
286 1351 383 1405 utrum
405 1344 483 1405 coeli
498 1343 630 1418 gravitas
644 1359 682 1402 an
696 1343 904 1416 praepotentis
921 1343 1024 1402 Italiae
1039 1358 1171 1418 conspe-

204 1437 270 1490 ctus
284 1445 323 1488 an
336 1435 443 1487 natura
458 1426 627 1502 inportuosi
643 1425 748 1485 maris:
764 1440 832 1484 narn
844 1424 875 1486 in
887 1441 983 1487 causa
998 1444 1060 1486 non
1075 1428 1171 1488 inisse

203 1512 349 1573 feritatem
370 1512 541 1572 accolarum
562 1527 600 1570 eo
615 1510 757 1584 adparet,
778 1510 860 1583 quod
875 1509 1006 1569 maxime
1020 1519 1096 1571 tunc
1111 1519 1169 1572 tru-

204 1595 289 1656 cibus
319 1603 350 1655 et
372 1595 534 1656 inconditis
562 1593 675 1654 Galliae
699 1593 822 1667 populis
847 1608 882 1653 se
910 1594 1168 1669 interposuerunt.

175 1677 397 1745 olransierunt
410 1679 521 1738 deinde
533 1679 660 1752 Ligures
673 1676 703 1734 in
719 1692 800 1751 eam,
820 1678 1002 1738 transierunt
1017 1687 1048 1739 et
1059 1679 1169 1754 Hispa-

204 1762 248 1835 ni,
269 1762 352 1836 quod
373 1777 412 1820 ex
434 1761 626 1822 similitudine
640 1760 715 1819 ritus
730 1759 871 1834 adparet=
887 1761 993 1821 eadem
1010 1762 1092 1822 enirn
1108 1771 1168 1837 teg·

204 1851 305 1904 menta
323 1847 452 1920 capitum
474 1845 614 1919 idemque
629 1859 725 1918 genus
740 1843 940 1916 calciamenti,
963 1846 1046 1919 quod
1065 1847 1168 1906 canta·

204 1927 267 1987 bris
287 1934 348 2004 est,
370 1933 400 1986 et
420 1929 513 1986 verba
528 1928 685 2002 quaedam.
707 1942 777 1986 nam
791 1933 871 1987 totus
887 1942 987 1987 sermo
1004 1944 1169 1990 conversa-

204 2012 286 2071 tione
297 2010 479 2070 Graecorum
493 2011 696 2086 Ligurumque
711 2027 729 2069 a
742 2011 839 2084 patrio
854 2010 991 2071 descivit.
1018 2012 1168 2074 deductae

205 2094 315 2154 deinde
337 2100 408 2153 sunt
428 2094 506 2153 duae
522 2092 632 2154 civium
644 2096 849 2154 Romanorum
865 2096 1017 2167 coloniae,
1040 2098 1168 2157 alteraa

204 2177 314 2253 Mario,
336 2178 431 2237 altera
450 2194 468 2236 a
484 2177 583 2239 Sulla:
604 2178 713 2238 totiens
728 2177 817 2240 hrrius
832 2178 907 2240 aridi
921 2185 951 2240 et
965 2179 1088 2256 spinosi
1102 2185 1166 2243 saxi

166 2268 336 2329 remutatus
351 2268 398 2322 est
412 2264 555 2336 populus.
575 2262 637 2321 Vix
652 2263 783 2339 denique
796 2264 932 2324 invenies
944 2266 1035 2325 ullam
1047 2275 1167 2327 terram.

207 2363 297 2422 quam
322 2344 492 2407 etiamnunc
516 2346 676 2421 indigenae
702 2349 810 2407 colant.
844 2346 992 2422 permixta
1013 2351 1117 2410 omnia
1140 2358 1168 2410 et

206 2431 334 2491 insiticia
348 2436 427 2490 sunt.
460 2431 537 2490 alius
557 2430 606 2490 alii
624 2431 783 2491 successit.
811 2431 860 2491 hic
875 2432 1066 2507 concupivit,
1086 2433 1168 2509 quod

201 2511 248 2573 illi
262 2513 383 2575 fastidio
398 2513 460 2573 luit.
482 2514 531 2573 ille
544 2513 627 2573 unde
644 2514 814 2588 expulerat,
830 2514 944 2575 eiectus
959 2524 1016 2576 est.
1046 2518 1094 2578 lta
1109 2521 1167 2578 lato

207 2597 319 2671 placuit
333 2596 444 2656 nullius
457 2597 501 2657 rei
516 2598 624 2658 eodem
639 2612 760 2672 semper
773 2599 842 2659 loco
857 2605 938 2658 stare
953 2600 1116 2660 fortunam.

178 2687 193 2739 1
267 2680 1167 2756 Vlll.Adversusipsamconmutationemloco-

206 2778 282 2821 rum
298 2764 439 2824 detractis
454 2765 563 2825 ceteris
577 2765 786 2840 incommodis,
798 2780 877 2840 quae
888 2764 978 2826 exilio
990 2767 1167 2842 adhaerent,

206 2844 304 2905 satis
318 2846 388 2907 hoc
402 2846 561 2907 remedii
576 2854 661 2921 putat
675 2850 788 2922 Varro,
805 2848 998 2910 doctissimus
1014 2853 1167 2913 Romano·

205 2945 287 3001 rum,
317 2932 399 3005 quod
421 2947 614 3006 quocumque
634 2933 786 3005 venimus,
813 2932 918 2992 eadem
938 2950 1039 2994 rerum
1060 2945 1168 2998 natura

205 3013 347 3073 utendum
373 3021 428 3076 est.
460 3014 500 3074 Μ.
515 3014 627 3074 Brutus
651 3016 725 3076 satis
745 3016 804 3077 hoc
826 3023 923 3090 putat,
949 3020 1031 3092 quod
1053 3020 1167 3082 licetin

178 3096 327 3162 nexilium
343 3099 482 3159 euntibus
496 3098 623 3159 virtutes
638 3114 711 3160 suas
726 3115 830 3160 secum
845 3101 933 3160 forre.
955 3103 1039 3163 Haec
1049 3103 1168 3164 etiamsi

208 3180 276 3253 quis
292 3181 410 3256 singula
423 3199 529 3257 parum
540 3182 651 3242 iudicat
662 3183 798 3244 efficacia
810 3184 848 3242 ad
861 3186 1082 3246 consolandum
1094 3204 1167 3247 exu-

206 3261 280 3336 lem,
300 3272 428 3341 utraque
448 3266 477 3326 in
495 3283 590 3327 unum
609 3269 717 3328 collata
731 3266 872 3327 fatebitur
888 3266 1045 3341 plurimum
1061 3286 1166 3345 posse.

208 3350 383 3418 quantulum
403 3349 481 3409 enim
503 3356 564 3425 est,
591 3352 673 3425 quod
697 3351 902 3426 perdidimus?
929 3351 990 3413 duo
1006 3370 1087 3428 quae
1101 3356 1167 3430 pul-

208 3428 355 3490 cherrima
375 3440 459 3507 sunt,
484 3448 677 3510 quocumque
694 3452 752 3495 nos
766 3435 963 3508 moverimus,
985 3446 1168 3512 sequentum

176 3517 312 3572 tactura
331 3516 497 3577 communis
518 3523 548 3576 et
567 3519 691 3594 propria
706 3519 810 3581 virtus.
841 3518 876 3578 ld
891 3527 989 3579 actum
1006 3527 1068 3597 est,
1096 3522 1168 3582 mihi
