2438 3968
130 248 193 312 254
325 251 357 309 L.
372 250 517 311 ANNAEI
539 250 713 311 SENECAE
734 251 909 312 nlntxll.

102 415 139 466 l*
192 403 258 462 XV.
292 402 368 462 lllo
394 400 515 463 omnis
543 404 766 465 consolatio
794 405 884 464 mihi
912 407 1109 469 vertenda

131 492 209 559 est,
238 486 338 545 unde
369 502 461 545 vera
493 486 551 545 vis
583 488 746 548 materni
778 487 931 549 doloris
962 491 1106 551 oritur=

131 585 210 646 „ego
232 569 384 644 conplexu
404 569 457 628 filii
472 568 620 629 carissimi
635 586 740 642 careo,
763 587 824 631 non
839 580 1010 647 conspectu
1026 575 1103 647 eius,

131 671 192 715 non
213 669 354 712 sermone
376 668 502 727 possum
518 653 585 713 frui.
610 652 661 714 ubi
677 661 725 714 est
738 655 802 727 ille,
826 656 971 734 quo-viso
985 657 1105 717 tristem

131 738 245 798 voltum
267 736 417 809 relaxavi,
444 737 473 795 in
497 753 557 811 quo
580 752 687 798 omnes
707 738 927 799 sollicitudines
948 755 1035 800 meas
1051 740 1104 800 de-

131 820 243 897 posuit
273 820 324 880 ubi
345 819 511 894 colloquia,
540 836 668 896 quorum
694 821 886 896 inexplebilis
911 831 1020 883 eram?
1052 824 1103 883 ubi

133 904 249 977 studia,
275 903 384 977 quibus
395 902 545 985 libentius
561 920 650 978 quam
668 904 791 976 lemine,
816 905 994 966 familiarius
1011 924 1102 981 quarn

131 995 228 1048 mater
241 987 423 1047 intereram?
442 985 493 1045 ubi
507 987 557 1047 ille
572 995 743 1048 occursust
769 987 820 1048 ubi
836 996 931 1049 matre
942 989 1012 1050 visa
1023 1006 1102 1050 sern-

103 1082 188 1147 tper
203 1071 326 1145 puerilis
341 1069 523 1131 hilaritast“
556 1071 662 1131 Adicis
677 1071 744 1132 istis
760 1073 828 1133 loca
842 1072 911 1146 ipsa
925 1074 1101 1147 gratulatio·

131 1171 203 1215 num
219 1162 249 1215 ει
265 1152 459 1215 convictuum
473 1161 516 1225 et,
539 1162 572 1215 ut
586 1169 715 1214 necesse
729 1163 791 1229 est,
814 1156 1047 1218 efficacissimas
1062 1159 1102 1218 ad

131 1237 290 1299 vexandos
306 1238 424 1303 animos
439 1238 570 1298 recentis
583 1237 823 1299 conversationis
838 1245 936 1299 notas.
959 1241 1101 1302 namhoc

133 1339 257 1397 quoque
279 1322 428 1381 adversus
449 1327 478 1382 te
500 1321 660 1383 crudeliter
681 1321 801 1383 fortuna
814 1323 916 1384 molita
931 1331 995 1398 est,
1018 1326 1100 1401 quod

131 1413 161 1466 te
172 1413 241 1466 ante
252 1405 369 1466 tertium
376 1404 497 1465 demum
510 1405 588 1466 diem
597 1422 687 1481 quam
699 1407 857 1480 perculsus
870 1423 947 1479 sum,
959 1423 1100 1470 securam

102 1499 188 1552 aneo
205 1488 369 1565 quicquam
391 1490 451 1549 tale
470 1496 650 1550 metuentem
669 1489 787 1564 digredi
802 1491 904 1551 voluit.
940 1491 1028 1551 Bene
1044 1510 1099 1554 nos

131 1573 336 1649 longinquitas
361 1574 498 1633 locorum
523 1572 675 1634 diviserat.
707 1571 786 1632 bene
810 1572 926 1650 aliquot
950 1591 1099 1637 annorum

131 1655 270 1718 absentia
283 1656 355 1718 huie
369 1664 399 1717 te
413 1658 491 1717 malo
509 1663 756 1732 praeparaverat:
778 1657 883 1718 redisti
895 1674 957 1718 non
969 1665 1003 1719 ut
1014 1661 1099 1721 volu·

132 1746 244 1817 ptatem
256 1756 295 1800 ex
306 1741 368 1800 filio
382 1740 567 1815 perciperes,
584 1740 641 1801 sed
650 1746 683 1801 ut
694 1742 945 1802 consuetudinem
954 1741 1099 1804 desiderii

132 1823 289 1901 perderes.
309 1824 335 1883 si
345 1825 439 1885 multo
451 1833 520 1901 ante
528 1823 669 1896 aluisseS,
683 1823 790 1885 lortius
798 1825 921 1885 tulisses
929 1823 1000 1900 ipso
1009 1825 1101 1887 inter-

130 1908 211 1966 vallo
226 1907 410 1968 desiderium
425 1908 592 1967 molliente=
615 1905 642 1967 si
661 1922 722 1966 non
736 1907 941 1981 recessisses,
960 1909 1098 1969 ultimum

132 1997 213 2051 certe
227 1991 356 2051 trucium
371 1991 464 2051 biduo
480 1990 591 2051 diutius
607 1990 731 2050 videndi
747 1990 841 2051 lilium
855 1991 995 2052 tulisses:
1019 2008 1098 2052 nunc

133 2074 256 2135 crudele
276 2073 370 2134 iatum
382 2075 424 2133 ita
438 2072 615 2149 conposuit,
637 2081 669 2134 ut
682 2089 739 2133 nec
754 2075 892 2134 fortunae
906 2090 995 2135 meae
1009 2076 1097 2136 inter-

102 2163 219 2220 tesses
233 2173 291 2218 nec
301 2157 458 2218 absentiae
469 2157 680 2218 adsuesceres.
704 2156 765 2218 Sed
778 2165 890 2232 quanto
905 2157 963 2219 ista
974 2158 1098 2221 duriora

132 2250 215 2316 sunt,
243 2247 326 2303 tanto
347 2242 442 2302 maior
455 2242 507 2301 tibi
521 2241 616 2301 virtus
634 2241 814 2302 advocanda
828 2248 874 2302 εει
888 2249 918 2302 ει
930 2243 1016 2302 velut
1031 2259 1097 2304 cum

130 2327 219 2388 hoste
234 2332 306 2388 noto
321 2341 357 2386 ac
372 2341 467 2401 saepe
482 2325 540 2385 iam
555 2323 635 2387 victo
651 2325 751 2385 acrius
767 2332 813 2385 εει
828 2325 1096 2400 congrediendum.

130 2411 197 2472 Non
219 2426 258 2470 ex
271 2409 382 2474 intacto
398 2425 526 2485 corpore
541 2415 592 2469 tuo
607 2408 731 2483 sanguis
747 2408 796 2468 hic
811 2407 912 2470 fluxit:
942 2425 998 2484 per
1013 2411 1098 2486 ipsas

132 2495 288 2556 cicatrices
304 2508 452 2569 percussa
466 2510 509 2554 es.

104 2588 119 2638 1
191 2578 270 2637 XVI.
297 2578 375 2639 Non
397 2577 577 2652 estquod
598 2576 722 2636 utaris
743 2575 1000 2637 excusatione
1021 2593 1097 2637 rnu-

132 2659 270 2722 liebris
288 2660 468 2736 nominis,
491 2659 539 2719 cui
555 2674 650 2733 paene
667 2673 846 2719 concessum
863 2664 911 2719 est
924 2658 1096 2720 inmodera-

132 2751 194 2803 tum
205 2744 235 2804 in
246 2744 386 2804 lacrimas
398 2744 455 2819 ius,
463 2759 524 2803 non
535 2743 703 2803 inmensum
715 2749 824 2802 tamen.
846 2747 876 2800 ει
886 2742 955 2803 ideo
964 2743 1096 2804 maiores

132 2826 238 2887 decern
250 2826 397 2887 mensium
409 2827 538 2903 spatium
550 2823 811 2902 lugentibusviros
819 2825 976 2900 dederunt,
988 2834 1097 2888 utcum

131 2908 1096 2985 pertinaciamuliebrismoerorispublicaconstitutionedecide-

131 3001 206 3056 rent.
235 3011 296 3056 non
308 2994 527 3070 prohibuerunt
536 2995 650 3067 luctus,
666 2993 723 3053 sed
733 2993 883 3054 finierunt.
902 3008 972 3052 nam
985 3000 1016 3055 ει
1029 2993 1095 3052 infi-

131 3078 193 3140 nito
209 3079 330 3152 dolore,
356 3094 424 3139 cum
445 3078 575 3153 aliquem
591 3093 629 3136 ex
644 3076 809 3138 carissimis
827 3075 980 3147 amiseris,
1005 3077 1096 3136 adiici

132 3163 223 3221 stulta
234 3161 419 3237 indulgentia
429 3168 489 3236 est,
505 3168 535 3223 ει
546 3160 627 3222 nullo
635 3160 797 3221 inhumana
804 3159 927 3220 duritia:
949 3161 1095 3235 optimum

131 3243 208 3304 inter
217 3246 357 3320 pietatem
367 3245 548 3306 etrationem
556 3250 821 3321 temperamentum
830 3250 913 3303 estet
921 3243 1034 3302 sentire
1042 3242 1095 3303 de·

103 3325 274 3388 tsiderium
286 3337 316 3389 et
327 3330 508 3404 opprimere.
524 3329 591 3390 llon
603 3334 649 3389 est
662 3327 744 3402 quod
755 3327 794 3386 ad
807 3326 955 3401 quasdam
967 3326 1096 3386 laminas

131 3410 295 3484 respicias,
319 3427 445 3486 quarum
463 3411 608 3474 tristitiam
623 3412 717 3473 semel
729 3417 877 3486 sumptam
890 3425 973 3470 mors
988 3409 1101 3487 finivit,

131 3493 212 3555 nosti
226 3493 392 3573 quasdam,
415 3511 494 3572 quae
504 3496 625 3556 amissis
635 3495 704 3556 filiis
716 3494 847 3570 inposita
858 3493 997 3568 lugubria
1008 3508 1098 3561 num<
