<?xml version="1.0" encoding="UTF-8"?>
<!DOCTYPE html PUBLIC "-//W3C//DTD XHTML 1.0 Transitional//EN"
    "http://www.w3.org/TR/xhtml1/DTD/xhtml1-transitional.dtd">
<html xmlns="http://www.w3.org/1999/xhtml" xml:lang="en" lang="en">
 <head>
  <title>
</title>
<meta http-equiv="Content-Type" content="text/html;charset=utf-8" />
  <meta name='ocr-system' content='tesseract 3.04.00' />
  <meta name='ocr-capabilities' content='ocr_page ocr_carea ocr_par ocr_line ocrx_word'/>
</head>
<body>
  <div class='ocr_page' id='page_1' title='image "./lannaeisenecaeo05senegoog_0095.png"; bbox 0 0 2438 3968; ppageno 0'>
   <div class='ocr_carea' id='block_1_1' title="bbox 131 253 824 322">
    <p class='ocr_par' dir='ltr' id='par_1_1' title="bbox 131 253 824 322">
     <span class='ocr_line' id='line_1_1' title="bbox 131 253 824 322; baseline 0.004 -10"><span class='ocrx_word' id='word_1_1' title='bbox 131 256 174 322; x_wconf 81' lang='lat'>80</span> <span class='ocrx_word' id='word_1_2' title='bbox 424 254 457 314; x_wconf 91' lang='lat' dir='ltr'>L.</span> <span class='ocrx_word' id='word_1_3' title='bbox 479 253 626 314; x_wconf 88' lang='grc' dir='ltr'><strong>ΑΝΝΑΕΙ</strong></span> <span class='ocrx_word' id='word_1_4' title='bbox 647 253 824 315; x_wconf 82' lang='lat' dir='ltr'>SENECAE</span> 
     </span>
    </p>
   </div>
   <div class='ocr_carea' id='block_1_2' title="bbox 103 406 1124 3257">
    <p class='ocr_par' dir='ltr' id='par_1_2' title="bbox 132 406 1124 825">
     <span class='ocr_line' id='line_1_2' title="bbox 135 406 1124 487; baseline 0.008 -18"><span class='ocrx_word' id='word_1_5' title='bbox 135 409 257 487; x_wconf 91' lang='lat' dir='ltr'>quando</span> <span class='ocrx_word' id='word_1_6' title='bbox 278 409 378 483; x_wconf 86' lang='lat' dir='ltr'>palam</span> <span class='ocrx_word' id='word_1_7' title='bbox 402 415 568 483; x_wconf 87' lang='lat' dir='ltr'>aperteque</span> <span class='ocrx_word' id='word_1_8' title='bbox 592 406 764 467; x_wconf 85' lang='lat' dir='ltr'>laciendum</span> <span class='ocrx_word' id='word_1_9' title='bbox 787 412 850 483; x_wconf 90' lang='lat' dir='ltr'>est,</span> <span class='ocrx_word' id='word_1_10' title='bbox 869 408 928 471; x_wconf 86' lang='lat' dir='ltr'>ubi</span> <span class='ocrx_word' id='word_1_11' title='bbox 951 408 1064 475; x_wconf 88' lang='lat' dir='ltr'>minor</span> <span class='ocrx_word' id='word_1_12' title='bbox 1083 416 1124 477; x_wconf 80' lang='lat' dir='ltr'>vis</span> 
     </span>
     <span class='ocr_line' id='line_1_3' title="bbox 133 490 1124 568; baseline 0.007 -14"><span class='ocrx_word' id='word_1_13' title='bbox 133 494 204 554; x_wconf 89' lang='lat' dir='ltr'>mali</span> <span class='ocrx_word' id='word_1_14' title='bbox 225 496 351 568; x_wconf 90' lang='lat' dir='ltr'>patitur,</span> <span class='ocrx_word' id='word_1_15' title='bbox 376 491 540 566; x_wconf 84' lang='lat' dir='ltr'>aliquando</span> <span class='ocrx_word' id='word_1_16' title='bbox 569 507 608 549; x_wconf 90' lang='lat' dir='ltr'>ex</span> <span class='ocrx_word' id='word_1_17' title='bbox 635 492 770 564; x_wconf 91' lang='lat' dir='ltr'>occulto,</span> <span class='ocrx_word' id='word_1_18' title='bbox 797 490 851 552; x_wconf 91' lang='lat' dir='ltr'>ubi</span> <span class='ocrx_word' id='word_1_19' title='bbox 876 492 1019 557; x_wconf 88' lang='lat' dir='ltr'>nimium</span> <span class='ocrx_word' id='word_1_20' title='bbox 1046 497 1124 561; x_wconf 84' lang='lat' dir='ltr'>ardet</span> 
     </span>
     <span class='ocr_line' id='line_1_4' title="bbox 134 575 1122 657; baseline 0.002 -17"><span class='ocrx_word' id='word_1_21' title='bbox 134 576 277 653; x_wconf 86' lang='lat' dir='ltr'>omnique</span> <span class='ocrx_word' id='word_1_22' title='bbox 291 575 497 651; x_wconf 90' lang='lat' dir='ltr'>inpedimento</span> <span class='ocrx_word' id='word_1_23' title='bbox 510 581 709 650; x_wconf 80' lang='lat' dir='ltr'><strong>exasperatur</strong></span> <span class='ocrx_word' id='word_1_24' title='bbox 720 582 750 636; x_wconf 89' lang='lat' dir='ltr'>et</span> <span class='ocrx_word' id='word_1_25' title='bbox 761 576 881 636; x_wconf 88' lang='lat' dir='ltr'>crescit.</span> <span class='ocrx_word' id='word_1_26' title='bbox 904 578 1022 642; x_wconf 77' lang='lat' dir='ltr'>Refert</span> <span class='ocrx_word' id='word_1_27' title='bbox 1034 598 1122 657; x_wconf 78' lang='lat' dir='ltr'>quan</span> 
     </span>
     <span class='ocr_line' id='line_1_5' title="bbox 132 658 1120 736; baseline 0.003 -13"><span class='ocrx_word' id='word_1_28' title='bbox 132 669 180 723; x_wconf 89' lang='lat' dir='ltr'>tas</span> <span class='ocrx_word' id='word_1_29' title='bbox 198 660 278 721; x_wconf 90' lang='lat' dir='ltr'>vires</span> <span class='ocrx_word' id='word_1_30' title='bbox 294 675 448 736; x_wconf 89' lang='lat' dir='ltr'>quamque</span> <span class='ocrx_word' id='word_1_31' title='bbox 468 659 602 734; x_wconf 79' lang='lat' dir='ltr'>integras</span> <span class='ocrx_word' id='word_1_32' title='bbox 617 658 742 734; x_wconf 89' lang='lat' dir='ltr'>habeat,</span> <span class='ocrx_word' id='word_1_33' title='bbox 764 665 909 720; x_wconf 90' lang='lat' dir='ltr'>utrumne</span> <span class='ocrx_word' id='word_1_34' title='bbox 925 664 1120 726; x_wconf 70' lang='lat' dir='ltr'>verberando</span> 
     </span>
     <span class='ocr_line' id='line_1_6' title="bbox 133 741 1120 825; baseline 0.004 -19"><span class='ocrx_word' id='word_1_35' title='bbox 133 754 163 807; x_wconf 89' lang='lat' dir='ltr'>et</span> <span class='ocrx_word' id='word_1_36' title='bbox 183 746 302 820; x_wconf 80' lang='lat' dir='ltr'>agenda</span> <span class='ocrx_word' id='word_1_37' title='bbox 320 750 402 803; x_wconf 91' lang='lat' dir='ltr'>retro</span> <span class='ocrx_word' id='word_1_38' title='bbox 420 744 460 803; x_wconf 92' lang='lat' dir='ltr'>sit</span> <span class='ocrx_word' id='word_1_39' title='bbox 479 760 517 803; x_wconf 93' lang='lat' dir='ltr'>an</span> <span class='ocrx_word' id='word_1_40' title='bbox 533 743 643 803; x_wconf 83' lang='lat' dir='ltr'>cedere</span> <span class='ocrx_word' id='word_1_41' title='bbox 660 743 687 801; x_wconf 90' lang='lat' dir='ltr'>ei</span> <span class='ocrx_word' id='word_1_42' title='bbox 706 741 890 818; x_wconf 83' lang='lat' dir='ltr'>debeamus,</span> <span class='ocrx_word' id='word_1_43' title='bbox 913 746 994 808; x_wconf 91' lang='lat' dir='ltr'>dum</span> <span class='ocrx_word' id='word_1_44' title='bbox 1013 757 1120 825; x_wconf 82' lang='lat' dir='ltr'>tempe</span> 
     </span>
    </p>

    <p class='ocr_par' dir='ltr' id='par_1_3' title="bbox 104 826 1119 1324">
     <span class='ocr_line' id='line_1_7' title="bbox 104 826 1119 904; baseline 0.001 -11"><span class='ocrx_word' id='word_1_45' title='bbox 104 838 196 894; x_wconf 67' lang='lat' dir='ltr'>istas</span> <span class='ocrx_word' id='word_1_46' title='bbox 212 831 308 904; x_wconf 86' lang='lat' dir='ltr'>prima</span> <span class='ocrx_word' id='word_1_47' title='bbox 327 826 479 901; x_wconf 86' lang='lat' dir='ltr'>desaevit,</span> <span class='ocrx_word' id='word_1_48' title='bbox 501 843 540 887; x_wconf 92' lang='lat' dir='ltr'>ne</span> <span class='ocrx_word' id='word_1_49' title='bbox 555 827 689 887; x_wconf 90' lang='lat' dir='ltr'>remedia</span> <span class='ocrx_word' id='word_1_50' title='bbox 710 827 780 902; x_wconf 87' lang='lat' dir='ltr'>ipsa</span> <span class='ocrx_word' id='word_1_51' title='bbox 795 843 903 889; x_wconf 87' lang='lat' dir='ltr'>secum</span> <span class='ocrx_word' id='word_1_52' title='bbox 924 830 1022 893; x_wconf 83' lang='lat' dir='ltr'>leret.</span> <span class='ocrx_word' id='word_1_53' title='bbox 1052 834 1119 894; x_wconf 78' lang='lat' dir='ltr'>Ooo-</span> 
     </span>
     <span class='ocr_line' id='line_1_8' title="bbox 133 909 1118 992; baseline 0.001 -17"><span class='ocrx_word' id='word_1_54' title='bbox 133 916 233 975; x_wconf 90' lang='lat' dir='ltr'>sitium</span> <span class='ocrx_word' id='word_1_55' title='bbox 254 929 310 988; x_wconf 89' lang='lat' dir='ltr'>pro</span> <span class='ocrx_word' id='word_1_56' title='bbox 327 913 463 972; x_wconf 90' lang='lat' dir='ltr'>moribus</span> <span class='ocrx_word' id='word_1_57' title='bbox 487 911 637 986; x_wconf 90' lang='lat' dir='ltr'>cuiusque</span> <span class='ocrx_word' id='word_1_58' title='bbox 659 909 842 985; x_wconf 84' lang='lat' dir='ltr'>capiendum</span> <span class='ocrx_word' id='word_1_59' title='bbox 861 910 931 972; x_wconf 83' lang='lat' dir='ltr'>erit</span> <span class='ocrx_word' id='word_1_60' title='bbox 968 918 1118 992; x_wconf 82' lang='lat' dir='ltr'>quosdam</span> 
     </span>
     <span class='ocr_line' id='line_1_9' title="bbox 133 993 1117 1076; baseline 0.005 -18"><span class='ocrx_word' id='word_1_61' title='bbox 133 997 213 1058; x_wconf 91' lang='lat' dir='ltr'>enim</span> <span class='ocrx_word' id='word_1_62' title='bbox 233 1010 343 1072; x_wconf 84' lang='lat' dir='ltr'>preces</span> <span class='ocrx_word' id='word_1_63' title='bbox 365 997 499 1057; x_wconf 90' lang='lat' dir='ltr'>vincunt.</span> <span class='ocrx_word' id='word_1_64' title='bbox 533 993 657 1071; x_wconf 86' lang='lat' dir='ltr'>quidam</span> <span class='ocrx_word' id='word_1_65' title='bbox 677 993 824 1056; x_wconf 85' lang='lat' dir='ltr'>insultant</span> <span class='ocrx_word' id='word_1_66' title='bbox 843 996 1035 1076; x_wconf 82' lang='lat' dir='ltr'>instantque</span> <span class='ocrx_word' id='word_1_67' title='bbox 1054 1000 1117 1063; x_wconf 66' lang='lat' dir='ltr'>sule</span> 
     </span>
     <span class='ocr_line' id='line_1_10' title="bbox 133 1078 1116 1161; baseline 0.001 -19"><span class='ocrx_word' id='word_1_68' title='bbox 133 1081 246 1142; x_wconf 91' lang='lat' dir='ltr'>missis.</span> <span class='ocrx_word' id='word_1_69' title='bbox 276 1081 428 1155; x_wconf 90' lang='lat' dir='ltr'>quosdam</span> <span class='ocrx_word' id='word_1_70' title='bbox 444 1079 586 1139; x_wconf 89' lang='lat' dir='ltr'>terrendo</span> <span class='ocrx_word' id='word_1_71' title='bbox 602 1078 802 1154; x_wconf 89' lang='lat' dir='ltr'>placabimus.</span> <span class='ocrx_word' id='word_1_72' title='bbox 835 1079 917 1140; x_wconf 89' lang='lat' dir='ltr'>alios</span> <span class='ocrx_word' id='word_1_73' title='bbox 934 1082 1116 1161; x_wconf 66' lang='lat' dir='ltr'>obiurgatio,</span> 
     </span>
     <span class='ocr_line' id='line_1_11' title="bbox 133 1163 1116 1241; baseline 0.006 -16"><span class='ocrx_word' id='word_1_74' title='bbox 133 1166 210 1226; x_wconf 89' lang='lat' dir='ltr'>alios</span> <span class='ocrx_word' id='word_1_75' title='bbox 232 1164 404 1237; x_wconf 81' lang='lat' dir='ltr'>consessio,</span> <span class='ocrx_word' id='word_1_76' title='bbox 427 1164 505 1224; x_wconf 88' lang='lat' dir='ltr'>alios</span> <span class='ocrx_word' id='word_1_77' title='bbox 525 1163 626 1238; x_wconf 94' lang='lat' dir='ltr'>pudor</span> <span class='ocrx_word' id='word_1_78' title='bbox 646 1169 755 1237; x_wconf 89' lang='lat' dir='ltr'>coepto</span> <span class='ocrx_word' id='word_1_79' title='bbox 776 1163 900 1238; x_wconf 89' lang='lat' dir='ltr'>deiecit,</span> <span class='ocrx_word' id='word_1_80' title='bbox 922 1165 1011 1229; x_wconf 84' lang='lat' dir='ltr'>alios</span> <span class='ocrx_word' id='word_1_81' title='bbox 1031 1184 1116 1241; x_wconf 80' lang='lat' dir='ltr'>mora,</span> 
     </span>
     <span class='ocr_line' id='line_1_12' title="bbox 133 1245 1115 1324; baseline 0.006 -14"><span class='ocrx_word' id='word_1_82' title='bbox 133 1253 245 1310; x_wconf 90' lang='lat' dir='ltr'>lentum</span> <span class='ocrx_word' id='word_1_83' title='bbox 259 1245 434 1324; x_wconf 90' lang='lat' dir='ltr'>praecipitis</span> <span class='ocrx_word' id='word_1_84' title='bbox 449 1248 519 1307; x_wconf 92' lang='lat' dir='ltr'>mali</span> <span class='ocrx_word' id='word_1_85' title='bbox 531 1247 712 1319; x_wconf 89' lang='lat' dir='ltr'>remedium,</span> <span class='ocrx_word' id='word_1_86' title='bbox 726 1247 765 1307; x_wconf 90' lang='lat' dir='ltr'>ad</span> <span class='ocrx_word' id='word_1_87' title='bbox 780 1247 864 1322; x_wconf 91' lang='lat' dir='ltr'>quod</span> <span class='ocrx_word' id='word_1_88' title='bbox 878 1247 1060 1314; x_wconf 90' lang='lat' dir='ltr'>novissime</span> <span class='ocrx_word' id='word_1_89' title='bbox 1073 1253 1115 1315; x_wconf 84' lang='lat' dir='ltr'>de·</span> 
     </span>
    </p>

    <p class='ocr_par' dir='ltr' id='par_1_4' title="bbox 103 1330 1116 1828">
     <span class='ocr_line' id='line_1_13' title="bbox 103 1330 1115 1401; baseline 0.006 -8"><span class='ocrx_word' id='word_1_90' title='bbox 103 1333 342 1401; x_wconf 75' lang='lat' dir='ltr'>ascendcndum</span> <span class='ocrx_word' id='word_1_91' title='bbox 364 1338 421 1392; x_wconf 91' lang='lat' dir='ltr'>cst.</span> <span class='ocrx_word' id='word_1_92' title='bbox 457 1332 554 1392; x_wconf 86' lang='lat' dir='ltr'>ceteri</span> <span class='ocrx_word' id='word_1_93' title='bbox 579 1331 659 1390; x_wconf 92' lang='lat' dir='ltr'>enim</span> <span class='ocrx_word' id='word_1_94' title='bbox 681 1330 820 1390; x_wconf 90' lang='lat' dir='ltr'>adlectus</span> <span class='ocrx_word' id='word_1_95' title='bbox 841 1331 1030 1397; x_wconf 90' lang='lat' dir='ltr'>dilationem</span> <span class='ocrx_word' id='word_1_96' title='bbox 1048 1335 1115 1398; x_wconf 86' lang='lat' dir='ltr'>reci·</span> 
     </span>
     <span class='ocr_line' id='line_1_14' title="bbox 133 1413 1116 1497; baseline 0.005 -19"><span class='ocrx_word' id='word_1_97' title='bbox 133 1419 220 1495; x_wconf 93' lang='lat' dir='ltr'>piunt</span> <span class='ocrx_word' id='word_1_98' title='bbox 235 1425 265 1478; x_wconf 91' lang='lat' dir='ltr'>ct</span> <span class='ocrx_word' id='word_1_99' title='bbox 284 1417 384 1478; x_wconf 90' lang='lat' dir='ltr'>curari</span> <span class='ocrx_word' id='word_1_100' title='bbox 398 1417 515 1477; x_wconf 87' lang='lat' dir='ltr'>tardius</span> <span class='ocrx_word' id='word_1_101' title='bbox 532 1423 678 1492; x_wconf 85' lang='lat' dir='ltr'>possunt:</span> <span class='ocrx_word' id='word_1_102' title='bbox 700 1414 791 1475; x_wconf 91' lang='lat' dir='ltr'>huius</span> <span class='ocrx_word' id='word_1_103' title='bbox 811 1413 938 1477; x_wconf 87' lang='lat' dir='ltr'>incitata</span> <span class='ocrx_word' id='word_1_104' title='bbox 951 1426 988 1480; x_wconf 88' lang='lat' dir='ltr'>et</span> <span class='ocrx_word' id='word_1_105' title='bbox 1003 1435 1043 1483; x_wconf 85' lang='lat' dir='ltr'>se</span> <span class='ocrx_word' id='word_1_106' title='bbox 1057 1422 1116 1497; x_wconf 79' lang='lat' dir='ltr'>ipat</span> 
     </span>
     <span class='ocr_line' id='line_1_15' title="bbox 131 1499 1115 1582; baseline 0.005 -20"><span class='ocrx_word' id='word_1_107' title='bbox 131 1504 256 1578; x_wconf 91' lang='lat' dir='ltr'>rapiens</span> <span class='ocrx_word' id='word_1_108' title='bbox 270 1503 415 1563; x_wconf 85' lang='lat' dir='ltr'>violentia</span> <span class='ocrx_word' id='word_1_109' title='bbox 429 1518 490 1562; x_wconf 91' lang='lat' dir='ltr'>non</span> <span class='ocrx_word' id='word_1_110' title='bbox 506 1500 650 1576; x_wconf 88' lang='lat' dir='ltr'>paulatim</span> <span class='ocrx_word' id='word_1_111' title='bbox 666 1499 818 1573; x_wconf 89' lang='lat' dir='ltr'>procedit,</span> <span class='ocrx_word' id='word_1_112' title='bbox 841 1499 898 1560; x_wconf 91' lang='lat' dir='ltr'>sed</span> <span class='ocrx_word' id='word_1_113' title='bbox 914 1501 996 1563; x_wconf 91' lang='lat' dir='ltr'>dum</span> <span class='ocrx_word' id='word_1_114' title='bbox 1010 1504 1115 1582; x_wconf 82' lang='lat' dir='ltr'>incipit</span> 
     </span>
     <span class='ocr_line' id='line_1_16' title="bbox 132 1582 1115 1666; baseline 0.005 -18"><span class='ocrx_word' id='word_1_115' title='bbox 132 1595 196 1648; x_wconf 91' lang='lat' dir='ltr'>tota</span> <span class='ocrx_word' id='word_1_116' title='bbox 212 1594 269 1648; x_wconf 89' lang='lat' dir='ltr'>cst.</span> <span class='ocrx_word' id='word_1_117' title='bbox 291 1602 348 1645; x_wconf 89' lang='lat' dir='ltr'>neo</span> <span class='ocrx_word' id='word_1_118' title='bbox 360 1585 490 1646; x_wconf 89' lang='lat' dir='ltr'>aliorum</span> <span class='ocrx_word' id='word_1_119' title='bbox 505 1599 590 1645; x_wconf 91' lang='lat' dir='ltr'>more</span> <span class='ocrx_word' id='word_1_120' title='bbox 602 1582 741 1644; x_wconf 87' lang='lat' dir='ltr'>vitiorum</span> <span class='ocrx_word' id='word_1_121' title='bbox 757 1583 899 1644; x_wconf 86' lang='lat' dir='ltr'>sollicitat</span> <span class='ocrx_word' id='word_1_122' title='bbox 914 1586 1056 1666; x_wconf 86' lang='lat' dir='ltr'>animos,</span> <span class='ocrx_word' id='word_1_123' title='bbox 1069 1588 1115 1651; x_wconf 78' lang='lat' dir='ltr'>aeti</span> 
     </span>
     <span class='ocr_line' id='line_1_17' title="bbox 133 1667 1114 1745; baseline 0.004 -14"><span class='ocrx_word' id='word_1_124' title='bbox 133 1670 256 1731; x_wconf 89' lang='lat' dir='ltr'>abducit</span> <span class='ocrx_word' id='word_1_125' title='bbox 272 1679 302 1731; x_wconf 90' lang='lat' dir='ltr'>ct</span> <span class='ocrx_word' id='word_1_126' title='bbox 321 1668 495 1745; x_wconf 87' lang='lat' dir='ltr'>inpotentes</span> <span class='ocrx_word' id='word_1_127' title='bbox 511 1668 560 1730; x_wconf 90' lang='lat' dir='ltr'>sui</span> <span class='ocrx_word' id='word_1_128' title='bbox 579 1668 773 1743; x_wconf 90' lang='lat' dir='ltr'>cupidosque</span> <span class='ocrx_word' id='word_1_129' title='bbox 788 1667 838 1727; x_wconf 89' lang='lat' dir='ltr'>vel</span> <span class='ocrx_word' id='word_1_130' title='bbox 857 1673 1041 1734; x_wconf 89' lang='lat' dir='ltr'>communis</span> <span class='ocrx_word' id='word_1_131' title='bbox 1056 1672 1114 1734; x_wconf 74' lang='lat' dir='ltr'>mai</span> 
     </span>
     <span class='ocr_line' id='line_1_18' title="bbox 134 1751 1113 1828; baseline 0.008 -16"><span class='ocrx_word' id='word_1_132' title='bbox 134 1754 279 1828; x_wconf 84' lang='lat' dir='ltr'>exagitat,</span> <span class='ocrx_word' id='word_1_133' title='bbox 297 1753 399 1812; x_wconf 90' lang='lat' dir='ltr'>necin</span> <span class='ocrx_word' id='word_1_134' title='bbox 416 1769 452 1813; x_wconf 89' lang='lat' dir='ltr'>ea</span> <span class='ocrx_word' id='word_1_135' title='bbox 471 1760 584 1813; x_wconf 88' lang='lat' dir='ltr'>tantum</span> <span class='ocrx_word' id='word_1_136' title='bbox 599 1751 628 1810; x_wconf 95' lang='lat' dir='ltr'>in</span> <span class='ocrx_word' id='word_1_137' title='bbox 647 1768 726 1826; x_wconf 89' lang='lat' dir='ltr'>quae</span> <span class='ocrx_word' id='word_1_138' title='bbox 741 1751 920 1827; x_wconf 89' lang='lat' dir='ltr'>destinavit,</span> <span class='ocrx_word' id='word_1_139' title='bbox 942 1757 1056 1819; x_wconf 89' lang='lat' dir='ltr'>sedin</span> <span class='ocrx_word' id='word_1_140' title='bbox 1073 1772 1113 1819; x_wconf 75' lang='lat' dir='ltr'>ce</span> 
     </span>
    </p>

    <p class='ocr_par' dir='ltr' id='par_1_5' title="bbox 104 1835 1114 2248">
     <span class='ocr_line' id='line_1_19' title="bbox 104 1835 1113 1911; baseline 0.008 -16"><span class='ocrx_word' id='word_1_141' title='bbox 104 1837 284 1896; x_wconf 76' lang='lat' dir='ltr'>lcurrentia</span> <span class='ocrx_word' id='word_1_142' title='bbox 307 1836 403 1896; x_wconf 91' lang='lat' dir='ltr'>obiter</span> <span class='ocrx_word' id='word_1_143' title='bbox 425 1837 503 1896; x_wconf 89' lang='lat' dir='ltr'>iurit.</span> <span class='ocrx_word' id='word_1_144' title='bbox 532 1835 637 1896; x_wconf 84' lang='lat' dir='ltr'>Cetera</span> <span class='ocrx_word' id='word_1_145' title='bbox 652 1835 722 1895; x_wconf 89' lang='lat' dir='ltr'>vitia</span> <span class='ocrx_word' id='word_1_146' title='bbox 744 1835 891 1911; x_wconf 91' lang='lat' dir='ltr'>inpellunt</span> <span class='ocrx_word' id='word_1_147' title='bbox 912 1835 1059 1903; x_wconf 73' lang='lat' dir='ltr'>animosa</span> <span class='ocrx_word' id='word_1_148' title='bbox 1079 1842 1113 1903; x_wconf 82' lang='lat' dir='ltr'>itt</span> 
     </span>
     <span class='ocr_line' id='line_1_20' title="bbox 134 1919 1112 1995; baseline 0.007 -17"><span class='ocrx_word' id='word_1_149' title='bbox 134 1919 322 1995; x_wconf 87' lang='lat' dir='ltr'>praecipitat.</span> <span class='ocrx_word' id='word_1_150' title='bbox 350 1919 439 1979; x_wconf 88' lang='lat' dir='ltr'>ctiam</span> <span class='ocrx_word' id='word_1_151' title='bbox 462 1921 488 1978; x_wconf 90' lang='lat' dir='ltr'>si</span> <span class='ocrx_word' id='word_1_152' title='bbox 508 1919 653 1979; x_wconf 89' lang='lat' dir='ltr'>resistere</span> <span class='ocrx_word' id='word_1_153' title='bbox 674 1927 780 1980; x_wconf 90' lang='lat' dir='ltr'>contra</span> <span class='ocrx_word' id='word_1_154' title='bbox 800 1919 941 1981; x_wconf 89' lang='lat' dir='ltr'>adlectus</span> <span class='ocrx_word' id='word_1_155' title='bbox 963 1939 1049 1987; x_wconf 89' lang='lat' dir='ltr'>suos</span> <span class='ocrx_word' id='word_1_156' title='bbox 1063 1940 1112 1987; x_wconf 88' lang='lat' dir='ltr'>non</span> 
     </span>
     <span class='ocr_line' id='line_1_21' title="bbox 134 2002 1113 2079; baseline 0.011 -18"><span class='ocrx_word' id='word_1_157' title='bbox 134 2003 218 2077; x_wconf 93' lang='lat' dir='ltr'>licet,</span> <span class='ocrx_word' id='word_1_158' title='bbox 234 2009 361 2063; x_wconf 90' lang='lat' dir='ltr'>atcerte</span> <span class='ocrx_word' id='word_1_159' title='bbox 376 2002 547 2063; x_wconf 78' lang='lat' dir='ltr'>adfectibus</span> <span class='ocrx_word' id='word_1_160' title='bbox 563 2003 638 2079; x_wconf 92' lang='lat' dir='ltr'>ipsis</span> <span class='ocrx_word' id='word_1_161' title='bbox 652 2004 722 2065; x_wconf 92' lang='lat' dir='ltr'>licet</span> <span class='ocrx_word' id='word_1_162' title='bbox 739 2010 835 2064; x_wconf 83' lang='lat' dir='ltr'>stare=</span> <span class='ocrx_word' id='word_1_163' title='bbox 850 2003 928 2064; x_wconf 91' lang='lat' dir='ltr'>haec</span> <span class='ocrx_word' id='word_1_164' title='bbox 943 2022 1014 2068; x_wconf 91' lang='lat' dir='ltr'>non</span> <span class='ocrx_word' id='word_1_165' title='bbox 1032 2022 1113 2071; x_wconf 80' lang='lat' dir='ltr'>secut</span> 
     </span>
     <span class='ocr_line' id='line_1_22' title="bbox 135 2087 1114 2163; baseline 0.007 -17"><span class='ocrx_word' id='word_1_166' title='bbox 135 2103 226 2161; x_wconf 89' lang='lat' dir='ltr'>quam</span> <span class='ocrx_word' id='word_1_167' title='bbox 252 2088 375 2147; x_wconf 81' lang='lat' dir='ltr'>fulmina</span> <span class='ocrx_word' id='word_1_168' title='bbox 401 2087 618 2162; x_wconf 82' lang='lat' dir='ltr'>procellaeque</span> <span class='ocrx_word' id='word_1_169' title='bbox 638 2095 669 2148; x_wconf 92' lang='lat' dir='ltr'>et</span> <span class='ocrx_word' id='word_1_170' title='bbox 690 2088 716 2146; x_wconf 90' lang='lat' dir='ltr'>si</span> <span class='ocrx_word' id='word_1_171' title='bbox 737 2104 799 2163; x_wconf 87' lang='lat' dir='ltr'>qua</span> <span class='ocrx_word' id='word_1_172' title='bbox 817 2087 877 2148; x_wconf 89' lang='lat' dir='ltr'>alia</span> <span class='ocrx_word' id='word_1_173' title='bbox 895 2088 1114 2155; x_wconf 72' lang='lat' dir='ltr'>inrevocabili</span> 
     </span>
     <span class='ocr_line' id='line_1_23' title="bbox 135 2171 1113 2248; baseline 0.006 -17"><span class='ocrx_word' id='word_1_174' title='bbox 135 2177 218 2245; x_wconf 91' lang='lat' dir='ltr'>sunt,</span> <span class='ocrx_word' id='word_1_175' title='bbox 234 2172 305 2246; x_wconf 89' lang='lat' dir='ltr'>quia</span> <span class='ocrx_word' id='word_1_176' title='bbox 320 2187 381 2230; x_wconf 93' lang='lat' dir='ltr'>non</span> <span class='ocrx_word' id='word_1_177' title='bbox 396 2178 481 2244; x_wconf 91' lang='lat' dir='ltr'>eunt,</span> <span class='ocrx_word' id='word_1_178' title='bbox 498 2171 554 2231; x_wconf 91' lang='lat' dir='ltr'>sed</span> <span class='ocrx_word' id='word_1_179' title='bbox 569 2171 694 2246; x_wconf 91' lang='lat' dir='ltr'>cadunt,</span> <span class='ocrx_word' id='word_1_180' title='bbox 711 2172 772 2231; x_wconf 93' lang='lat' dir='ltr'>vim</span> <span class='ocrx_word' id='word_1_181' title='bbox 787 2187 873 2231; x_wconf 86' lang='lat' dir='ltr'>suam</span> <span class='ocrx_word' id='word_1_182' title='bbox 887 2174 994 2248; x_wconf 78' lang='lat' dir='ltr'>magis</span> <span class='ocrx_word' id='word_1_183' title='bbox 1009 2193 1050 2239; x_wconf 88' lang='lat' dir='ltr'>ac</span> <span class='ocrx_word' id='word_1_184' title='bbox 1062 2192 1113 2237; x_wconf 74' lang='lat' dir='ltr'>me</span> 
     </span>
    </p>

    <p class='ocr_par' dir='ltr' id='par_1_6' title="bbox 105 2254 1115 2904">
     <span class='ocr_line' id='line_1_24' title="bbox 105 2254 1114 2331; baseline 0.004 -15"><span class='ocrx_word' id='word_1_185' title='bbox 105 2256 180 2331; x_wconf 75' lang='lat' dir='ltr'>egis</span> <span class='ocrx_word' id='word_1_186' title='bbox 201 2256 305 2316; x_wconf 90' lang='lat' dir='ltr'>tendit.</span> <span class='ocrx_word' id='word_1_187' title='bbox 341 2255 410 2315; x_wconf 85' lang='lat' dir='ltr'>Alia</span> <span class='ocrx_word' id='word_1_188' title='bbox 426 2254 499 2316; x_wconf 89' lang='lat' dir='ltr'>vitia</span> <span class='ocrx_word' id='word_1_189' title='bbox 517 2271 536 2315; x_wconf 91' lang='lat' dir='ltr'>a</span> <span class='ocrx_word' id='word_1_190' title='bbox 551 2257 684 2330; x_wconf 89' lang='lat' dir='ltr'>ratione,</span> <span class='ocrx_word' id='word_1_191' title='bbox 705 2256 765 2314; x_wconf 91' lang='lat' dir='ltr'>hoc</span> <span class='ocrx_word' id='word_1_192' title='bbox 780 2272 798 2314; x_wconf 90' lang='lat' dir='ltr'>a</span> <span class='ocrx_word' id='word_1_193' title='bbox 814 2256 944 2316; x_wconf 83' lang='lat' dir='ltr'>sanitate</span> <span class='ocrx_word' id='word_1_194' title='bbox 960 2260 1114 2323; x_wconf 83' lang='lat' dir='ltr'>desciscit</span> 
     </span>
     <span class='ocr_line' id='line_1_25' title="bbox 134 2338 1114 2407; baseline 0.008 -8"><span class='ocrx_word' id='word_1_195' title='bbox 134 2341 193 2400; x_wconf 89' lang='lat' dir='ltr'>alia</span> <span class='ocrx_word' id='word_1_196' title='bbox 209 2355 357 2400; x_wconf 88' lang='lat' dir='ltr'>accessus</span> <span class='ocrx_word' id='word_1_197' title='bbox 374 2341 459 2399; x_wconf 88' lang='lat' dir='ltr'>lenes</span> <span class='ocrx_word' id='word_1_198' title='bbox 477 2338 589 2400; x_wconf 88' lang='lat' dir='ltr'>habent</span> <span class='ocrx_word' id='word_1_199' title='bbox 603 2346 632 2398; x_wconf 93' lang='lat' dir='ltr'>et</span> <span class='ocrx_word' id='word_1_200' title='bbox 646 2340 831 2399; x_wconf 88' lang='lat' dir='ltr'>incrementa</span> <span class='ocrx_word' id='word_1_201' title='bbox 848 2340 1006 2403; x_wconf 80' lang='lat' dir='ltr'>lallentia=</span> <span class='ocrx_word' id='word_1_202' title='bbox 1028 2346 1061 2406; x_wconf 89' lang='lat' dir='ltr'>in</span> <span class='ocrx_word' id='word_1_203' title='bbox 1077 2346 1114 2407; x_wconf 78' lang='lat' dir='ltr'>im</span> 
     </span>
     <span class='ocr_line' id='line_1_26' title="bbox 134 2424 1114 2505; baseline 0.006 -22"><span class='ocrx_word' id='word_1_204' title='bbox 134 2424 270 2486; x_wconf 90' lang='lat' dir='ltr'>deiectus</span> <span class='ocrx_word' id='word_1_205' title='bbox 291 2425 459 2484; x_wconf 90' lang='lat' dir='ltr'>animorum</span> <span class='ocrx_word' id='word_1_206' title='bbox 476 2432 532 2484; x_wconf 92' lang='lat' dir='ltr'>est.</span> <span class='ocrx_word' id='word_1_207' title='bbox 562 2424 644 2485; x_wconf 89' lang='lat' dir='ltr'>nulla</span> <span class='ocrx_word' id='word_1_208' title='bbox 657 2425 760 2500; x_wconf 89' lang='lat' dir='ltr'>itaque</span> <span class='ocrx_word' id='word_1_209' title='bbox 775 2440 827 2484; x_wconf 91' lang='lat' dir='ltr'>res</span> <span class='ocrx_word' id='word_1_210' title='bbox 842 2433 931 2499; x_wconf 80' lang='lat' dir='ltr'>urget</span> <span class='ocrx_word' id='word_1_211' title='bbox 946 2428 1055 2505; x_wconf 77' lang='lat' dir='ltr'>magis</span> <span class='ocrx_word' id='word_1_212' title='bbox 1070 2428 1114 2489; x_wconf 83' lang='lat' dir='ltr'>ad·</span> 
     </span>
     <span class='ocr_line' id='line_1_27' title="bbox 133 2508 1114 2589; baseline 0.007 -22"><span class='ocrx_word' id='word_1_213' title='bbox 133 2509 228 2568; x_wconf 92' lang='lat' dir='ltr'>tonita</span> <span class='ocrx_word' id='word_1_214' title='bbox 249 2516 279 2569; x_wconf 91' lang='lat' dir='ltr'>et</span> <span class='ocrx_word' id='word_1_215' title='bbox 298 2509 328 2568; x_wconf 92' lang='lat' dir='ltr'>in</span> <span class='ocrx_word' id='word_1_216' title='bbox 345 2509 427 2568; x_wconf 90' lang='lat' dir='ltr'>vires</span> <span class='ocrx_word' id='word_1_217' title='bbox 443 2524 517 2568; x_wconf 90' lang='lat' dir='ltr'>suas</span> <span class='ocrx_word' id='word_1_218' title='bbox 538 2524 636 2583; x_wconf 89' lang='lat' dir='ltr'>prona</span> <span class='ocrx_word' id='word_1_219' title='bbox 656 2515 686 2567; x_wconf 91' lang='lat' dir='ltr'>et</span> <span class='ocrx_word' id='word_1_220' title='bbox 705 2509 771 2568; x_wconf 88' lang='lat' dir='ltr'>sive</span> <span class='ocrx_word' id='word_1_221' title='bbox 787 2508 952 2584; x_wconf 86' lang='lat' dir='ltr'>successit,</span> <span class='ocrx_word' id='word_1_222' title='bbox 973 2511 1114 2589; x_wconf 81' lang='lat' dir='ltr'>superba,</span> 
     </span>
     <span class='ocr_line' id='line_1_28' title="bbox 135 2592 1114 2668; baseline 0.007 -16"><span class='ocrx_word' id='word_1_223' title='bbox 135 2593 200 2652; x_wconf 89' lang='lat' dir='ltr'>sive</span> <span class='ocrx_word' id='word_1_224' title='bbox 221 2594 395 2667; x_wconf 83' lang='lat' dir='ltr'>frustratur,</span> <span class='ocrx_word' id='word_1_225' title='bbox 419 2593 537 2653; x_wconf 87' lang='lat' dir='ltr'>insana.</span> <span class='ocrx_word' id='word_1_226' title='bbox 573 2608 611 2651; x_wconf 90' lang='lat' dir='ltr'>ne</span> <span class='ocrx_word' id='word_1_227' title='bbox 631 2593 758 2668; x_wconf 89' lang='lat' dir='ltr'>repulsa</span> <span class='ocrx_word' id='word_1_228' title='bbox 783 2592 906 2668; x_wconf 85' lang='lat' dir='ltr'>quidem</span> <span class='ocrx_word' id='word_1_229' title='bbox 930 2594 961 2652; x_wconf 93' lang='lat' dir='ltr'>in</span> <span class='ocrx_word' id='word_1_230' title='bbox 984 2598 1114 2658; x_wconf 84' lang='lat' dir='ltr'>taedium</span> 
     </span>
     <span class='ocr_line' id='line_1_29' title="bbox 134 2675 1114 2753; baseline 0.006 -19"><span class='ocrx_word' id='word_1_231' title='bbox 134 2683 215 2749; x_wconf 87' lang='lat' dir='ltr'>acta,</span> <span class='ocrx_word' id='word_1_232' title='bbox 236 2676 288 2735; x_wconf 88' lang='lat' dir='ltr'>ubi</span> <span class='ocrx_word' id='word_1_233' title='bbox 310 2676 518 2737; x_wconf 89' lang='lat' dir='ltr'>adversarium</span> <span class='ocrx_word' id='word_1_234' title='bbox 533 2677 654 2736; x_wconf 90' lang='lat' dir='ltr'>lortuna</span> <span class='ocrx_word' id='word_1_235' title='bbox 667 2675 828 2750; x_wconf 89' lang='lat' dir='ltr'>subduxit,</span> <span class='ocrx_word' id='word_1_236' title='bbox 846 2675 876 2735; x_wconf 92' lang='lat' dir='ltr'>in</span> <span class='ocrx_word' id='word_1_237' title='bbox 896 2692 932 2737; x_wconf 88' lang='lat' dir='ltr'>se</span> <span class='ocrx_word' id='word_1_238' title='bbox 951 2677 1031 2753; x_wconf 87' lang='lat' dir='ltr'>ipsa</span> <span class='ocrx_word' id='word_1_239' title='bbox 1044 2696 1114 2743; x_wconf 77' lang='lat' dir='ltr'>mor</span> 
     </span>
     <span class='ocr_line' id='line_1_30' title="bbox 134 2761 1115 2836; baseline 0.01 -18"><span class='ocrx_word' id='word_1_240' title='bbox 134 2774 187 2818; x_wconf 91' lang='lat' dir='ltr'>sus</span> <span class='ocrx_word' id='word_1_241' title='bbox 200 2776 275 2820; x_wconf 92' lang='lat' dir='ltr'>suos</span> <span class='ocrx_word' id='word_1_242' title='bbox 287 2761 386 2820; x_wconf 90' lang='lat' dir='ltr'>vertit.</span> <span class='ocrx_word' id='word_1_243' title='bbox 407 2761 469 2820; x_wconf 90' lang='lat' dir='ltr'>Nec</span> <span class='ocrx_word' id='word_1_244' title='bbox 485 2761 585 2833; x_wconf 77' lang='lat' dir='ltr'>refert,</span> <span class='ocrx_word' id='word_1_245' title='bbox 602 2768 746 2835; x_wconf 85' lang='lat' dir='ltr'>quantum</span> <span class='ocrx_word' id='word_1_246' title='bbox 759 2761 798 2820; x_wconf 92' lang='lat' dir='ltr'>sit</span> <span class='ocrx_word' id='word_1_247' title='bbox 812 2776 850 2820; x_wconf 86' lang='lat' dir='ltr'>ex</span> <span class='ocrx_word' id='word_1_248' title='bbox 864 2775 925 2836; x_wconf 92' lang='lat' dir='ltr'>quo</span> <span class='ocrx_word' id='word_1_249' title='bbox 939 2765 1115 2827; x_wconf 85' lang='lat' dir='ltr'>surrexerit.</span> 
     </span>
     <span class='ocr_line' id='line_1_31' title="bbox 134 2843 769 2904; baseline 0 -2"><span class='ocrx_word' id='word_1_250' title='bbox 134 2858 173 2902; x_wconf 90' lang='lat' dir='ltr'>cx</span> <span class='ocrx_word' id='word_1_251' title='bbox 189 2843 353 2904; x_wconf 89' lang='lat' dir='ltr'>levissimis</span> <span class='ocrx_word' id='word_1_252' title='bbox 371 2846 449 2903; x_wconf 91' lang='lat' dir='ltr'>enim</span> <span class='ocrx_word' id='word_1_253' title='bbox 467 2845 496 2903; x_wconf 91' lang='lat' dir='ltr'>in</span> <span class='ocrx_word' id='word_1_254' title='bbox 513 2845 645 2904; x_wconf 84' lang='lat' dir='ltr'>maxime</span> <span class='ocrx_word' id='word_1_255' title='bbox 659 2844 769 2903; x_wconf 86' lang='lat' dir='ltr'>evadit.</span> 
     </span>
    </p>

    <p class='ocr_par' dir='ltr' id='par_1_7' title="bbox 103 2926 1117 3257">
     <span class='ocr_line' id='line_1_32' title="bbox 103 2926 1116 3009; baseline 0.01 -25"><span class='ocrx_word' id='word_1_256' title='bbox 103 2941 119 2994; x_wconf 94' lang='lat'>1</span> <span class='ocrx_word' id='word_1_257' title='bbox 194 2926 230 2985; x_wconf 93' lang='lat' dir='ltr'>II.</span> <span class='ocrx_word' id='word_1_258' title='bbox 263 2928 379 2988; x_wconf 86' lang='lat' dir='ltr'>Nullam</span> <span class='ocrx_word' id='word_1_259' title='bbox 404 2927 512 2989; x_wconf 88' lang='lat' dir='ltr'>transit</span> <span class='ocrx_word' id='word_1_260' title='bbox 534 2935 676 3002; x_wconf 90' lang='lat' dir='ltr'>aetatem,</span> <span class='ocrx_word' id='word_1_261' title='bbox 699 2929 813 2988; x_wconf 92' lang='lat' dir='ltr'>nullum</span> <span class='ocrx_word' id='word_1_262' title='bbox 838 2929 999 2991; x_wconf 91' lang='lat' dir='ltr'>hominum</span> <span class='ocrx_word' id='word_1_263' title='bbox 1026 2946 1116 3009; x_wconf 77' lang='lat' dir='ltr'>genus</span> 
     </span>
     <span class='ocr_line' id='line_1_33' title="bbox 134 3009 1117 3087; baseline 0.011 -19"><span class='ocrx_word' id='word_1_264' title='bbox 134 3009 256 3086; x_wconf 89' lang='lat' dir='ltr'>excipit.</span> <span class='ocrx_word' id='word_1_265' title='bbox 286 3011 441 3085; x_wconf 85' lang='lat' dir='ltr'>Quaedam</span> <span class='ocrx_word' id='word_1_266' title='bbox 461 3021 568 3086; x_wconf 79' lang='lat' dir='ltr'>gentes</span> <span class='ocrx_word' id='word_1_267' title='bbox 589 3012 739 3073; x_wconf 86' lang='lat' dir='ltr'>beneficio</span> <span class='ocrx_word' id='word_1_268' title='bbox 760 3013 905 3087; x_wconf 83' lang='lat' dir='ltr'>egestatis</span> <span class='ocrx_word' id='word_1_269' title='bbox 921 3029 987 3075; x_wconf 94' lang='lat' dir='ltr'>non</span> <span class='ocrx_word' id='word_1_270' title='bbox 1005 3030 1117 3079; x_wconf 75' lang='lat' dir='ltr'>novere</span> 
     </span>
     <span class='ocr_line' id='line_1_34' title="bbox 132 3095 1117 3177; baseline 0.011 -25"><span class='ocrx_word' id='word_1_271' title='bbox 132 3095 291 3155; x_wconf 86' lang='lat' dir='ltr'>luxuriam.</span> <span class='ocrx_word' id='word_1_272' title='bbox 321 3096 486 3171; x_wconf 88' lang='lat' dir='ltr'>quaedam,</span> <span class='ocrx_word' id='word_1_273' title='bbox 509 3097 580 3171; x_wconf 90' lang='lat' dir='ltr'>quia</span> <span class='ocrx_word' id='word_1_274' title='bbox 599 3097 751 3156; x_wconf 87' lang='lat' dir='ltr'>exercitae</span> <span class='ocrx_word' id='word_1_275' title='bbox 767 3103 798 3157; x_wconf 89' lang='lat' dir='ltr'>et</span> <span class='ocrx_word' id='word_1_276' title='bbox 817 3112 915 3171; x_wconf 84' lang='lat' dir='ltr'>vagae</span> <span class='ocrx_word' id='word_1_277' title='bbox 932 3107 1026 3177; x_wconf 91' lang='lat' dir='ltr'>sunt,</span> <span class='ocrx_word' id='word_1_278' title='bbox 1048 3100 1117 3163; x_wconf 75' lang='lat' dir='ltr'>etta</span> 
     </span>
     <span class='ocr_line' id='line_1_35' title="bbox 133 3178 1117 3257; baseline 0.012 -21"><span class='ocrx_word' id='word_1_279' title='bbox 133 3192 205 3251; x_wconf 78' lang='lat' dir='ltr'>gere</span> <span class='ocrx_word' id='word_1_280' title='bbox 223 3178 381 3253; x_wconf 81' lang='lat' dir='ltr'>pigritiam.</span> <span class='ocrx_word' id='word_1_281' title='bbox 410 3179 521 3255; x_wconf 89' lang='lat' dir='ltr'>quibus</span> <span class='ocrx_word' id='word_1_282' title='bbox 537 3181 668 3240; x_wconf 90' lang='lat' dir='ltr'>incultus</span> <span class='ocrx_word' id='word_1_283' title='bbox 684 3195 751 3239; x_wconf 93' lang='lat' dir='ltr'>mos</span> <span class='ocrx_word' id='word_1_284' title='bbox 773 3180 967 3256; x_wconf 80' lang='lat' dir='ltr'>agrestisque</span> <span class='ocrx_word' id='word_1_285' title='bbox 984 3186 1054 3247; x_wconf 85' lang='lat' dir='ltr'>vita</span> <span class='ocrx_word' id='word_1_286' title='bbox 1067 3192 1117 3257; x_wconf 77' lang='lat' dir='ltr'>cst,</span> 
     </span>
    </p>
   </div>
   <div class='ocr_carea' id='block_1_3' title="bbox 132 3258 1119 3599">
    <p class='ocr_par' dir='ltr' id='par_1_8' title="bbox 132 3258 1119 3599">
     <span class='ocr_line' id='line_1_36' title="bbox 134 3258 1116 3342; baseline 0.014 -24"><span class='ocrx_word' id='word_1_287' title='bbox 134 3258 375 3337; x_wconf 90' lang='lat' dir='ltr'>circumscriptio</span> <span class='ocrx_word' id='word_1_288' title='bbox 395 3263 499 3339; x_wconf 79' lang='lat' dir='ltr'>ignota</span> <span class='ocrx_word' id='word_1_289' title='bbox 513 3270 561 3324; x_wconf 86' lang='lat' dir='ltr'>est</span> <span class='ocrx_word' id='word_1_290' title='bbox 575 3271 605 3324; x_wconf 90' lang='lat' dir='ltr'>ct</span> <span class='ocrx_word' id='word_1_291' title='bbox 619 3264 703 3324; x_wconf 83' lang='lat' dir='ltr'>treus</span> <span class='ocrx_word' id='word_1_292' title='bbox 719 3271 749 3323; x_wconf 92' lang='lat' dir='ltr'>et</span> <span class='ocrx_word' id='word_1_293' title='bbox 765 3264 985 3342; x_wconf 89' lang='lat' dir='ltr'>quodcumque</span> <span class='ocrx_word' id='word_1_294' title='bbox 1005 3269 1037 3329; x_wconf 93' lang='lat' dir='ltr'>in</span> <span class='ocrx_word' id='word_1_295' title='bbox 1056 3271 1116 3332; x_wconf 83' lang='lat' dir='ltr'>lom</span> 
     </span>
     <span class='ocr_line' id='line_1_37' title="bbox 132 3344 1118 3430; baseline 0.014 -28"><span class='ocrx_word' id='word_1_296' title='bbox 132 3344 242 3404; x_wconf 92' lang='lat' dir='ltr'>malum</span> <span class='ocrx_word' id='word_1_297' title='bbox 255 3345 403 3407; x_wconf 81' lang='lat' dir='ltr'>nascitur:</span> <span class='ocrx_word' id='word_1_298' title='bbox 418 3347 500 3406; x_wconf 90' lang='lat' dir='ltr'>nulla</span> <span class='ocrx_word' id='word_1_299' title='bbox 513 3363 590 3422; x_wconf 80' lang='lat' dir='ltr'>gens</span> <span class='ocrx_word' id='word_1_300' title='bbox 603 3354 658 3420; x_wconf 89' lang='lat' dir='ltr'>est,</span> <span class='ocrx_word' id='word_1_301' title='bbox 677 3364 765 3422; x_wconf 89' lang='lat' dir='ltr'>quam</span> <span class='ocrx_word' id='word_1_302' title='bbox 780 3365 842 3408; x_wconf 92' lang='lat' dir='ltr'>non</span> <span class='ocrx_word' id='word_1_303' title='bbox 855 3348 899 3408; x_wconf 89' lang='lat' dir='ltr'>ira</span> <span class='ocrx_word' id='word_1_304' title='bbox 910 3347 1051 3430; x_wconf 77' lang='lat' dir='ltr'>instiget,</span> <span class='ocrx_word' id='word_1_305' title='bbox 1063 3362 1118 3416; x_wconf 83' lang='lat' dir='ltr'>un</span> 
     </span>
     <span class='ocr_line' id='line_1_38' title="bbox 132 3426 1117 3515; baseline 0.013 -30"><span class='ocrx_word' id='word_1_306' title='bbox 132 3426 211 3488; x_wconf 86' lang='lat' dir='ltr'>inter</span> <span class='ocrx_word' id='word_1_307' title='bbox 226 3429 334 3490; x_wconf 87' lang='lat' dir='ltr'>Graios</span> <span class='ocrx_word' id='word_1_308' title='bbox 352 3447 443 3505; x_wconf 89' lang='lat' dir='ltr'>quam</span> <span class='ocrx_word' id='word_1_309' title='bbox 457 3431 535 3490; x_wconf 90' lang='lat' dir='ltr'>inter</span> <span class='ocrx_word' id='word_1_310' title='bbox 548 3427 697 3491; x_wconf 83' lang='lat' dir='ltr'>barbaros</span> <span class='ocrx_word' id='word_1_311' title='bbox 712 3438 838 3506; x_wconf 90' lang='lat' dir='ltr'>potens,</span> <span class='ocrx_word' id='word_1_312' title='bbox 854 3449 915 3492; x_wconf 91' lang='lat' dir='ltr'>non</span> <span class='ocrx_word' id='word_1_313' title='bbox 931 3434 1039 3499; x_wconf 91' lang='lat' dir='ltr'>minus</span> <span class='ocrx_word' id='word_1_314' title='bbox 1054 3452 1117 3515; x_wconf 80' lang='lat' dir='ltr'>pet·</span> 
     </span>
     <span class='ocr_line' id='line_1_39' title="bbox 132 3509 1119 3599; baseline 0.017 -30"><span class='ocrx_word' id='word_1_315' title='bbox 132 3509 250 3573; x_wconf 85' lang='lat' dir='ltr'>niciosa</span> <span class='ocrx_word' id='word_1_316' title='bbox 272 3513 356 3589; x_wconf 80' lang='lat' dir='ltr'>leges</span> <span class='ocrx_word' id='word_1_317' title='bbox 383 3513 586 3575; x_wconf 86' lang='lat' dir='ltr'>metuentibus</span> <span class='ocrx_word' id='word_1_318' title='bbox 616 3532 706 3591; x_wconf 89' lang='lat' dir='ltr'>quam</span> <span class='ocrx_word' id='word_1_319' title='bbox 736 3516 846 3592; x_wconf 88' lang='lat' dir='ltr'>quibus</span> <span class='ocrx_word' id='word_1_320' title='bbox 874 3516 940 3577; x_wconf 90' lang='lat' dir='ltr'>iura</span> <span class='ocrx_word' id='word_1_321' title='bbox 961 3518 1119 3599; x_wconf 69' lang='lat' dir='ltr'>distineat</span> 
     </span>
    </p>
   </div>
   <div class='ocr_carea' id='block_1_4' title="bbox 0 0 1224 3968">
    <p class='ocr_par' dir='ltr' id='par_1_9' title="bbox 0 0 1224 3968">
     <span class='ocr_line' id='line_1_40' title="bbox 0 0 1224 3968; baseline 0 0"><span class='ocrx_word' id='word_1_322' title='bbox 0 0 1224 3968; x_wconf 95' lang='lat' dir='ltr'> </span> 
     </span>
    </p>
   </div>
  </div>
 </body>
</html>
