2438 3968
127 227 180 286 AD
192 227 599 289 HELVIAMMATREMDE
607 228 907 290 consonatione.
918 236 945 292 9.
957 239 999 291 10.
1014 225 1074 290 247

108 381 168 443 silt
200 382 309 456 „quod
328 381 427 457 patria
446 397 548 456 cares,
566 399 626 442 non
642 390 688 442 est
701 382 854 442 miserum.
883 381 968 443 itate
985 380 1076 441 disci-

109 466 198 541 plinis
220 465 357 538 inbuisti,
381 471 412 525 ut
432 466 529 526 scires
546 481 665 525 ornnem
680 468 781 525 locum
796 466 925 539 sapienti
939 465 1005 527 viro
1022 481 1076 540 pa·

107 550 195 610 triam
218 565 298 608 esse.
333 548 411 622 Quid
432 557 546 624 porrot
566 548 632 623 hic,
658 549 709 624 qui
732 555 761 608 te
779 549 909 623 expulit,
930 566 991 612 uon
1008 551 1076 624 ipse

106 649 163 707 per
188 648 286 693 annos
314 634 419 692 decem
442 634 602 692 continuos
624 634 719 708 patria
744 632 861 694 caruit?
883 631 1074 708 propagandi

108 719 175 776 sine
195 717 288 777 dubio
308 715 429 791 imperii
452 733 560 776 causa:
581 718 637 777 sed
652 732 761 791 nempe
777 717 881 776 caruit.
906 733 987 777 nuno
1001 721 1103 777 eccee

106 800 198 860 trahit
222 801 304 860 illum
330 801 372 859 ad
395 816 430 860 se
451 801 555 861 Alrica
577 802 764 877 resurgentis
785 800 855 861 belli
870 800 958 860 minis
974 801 1074 874 plena,

107 885 197 944 trahit
209 884 370 960 Hispania,
394 900 473 959 quae
494 886 605 945 fractas
628 893 658 946 et
678 884 817 945 adflictas
831 891 934 960 perles
948 885 1075 956 refovet,

107 967 197 1028 trahit
209 972 371 1046 Aegyptus
386 969 489 1042 infida,
504 976 586 1029 tolus
602 970 735 1045 denique
752 968 846 1047 orbis,
863 968 915 1042 qui
929 968 970 1029 ad
985 982 1074 1028 occa·

107 1053 226 1111 sionem
241 1051 385 1112 concussi
401 1053 517 1126 imperii
532 1053 663 1113 intentus
678 1065 734 1113 est.
758 1053 806 1113 eui
822 1055 951 1127 primum
965 1052 1009 1112 rei
1024 1066 1074 1111 oc·

108 1145 208 1196 curret
197 1142 228 1196 tt
254 1137 301 1196 cui
321 1136 399 1209 parti
414 1152 449 1196 se
463 1144 619 1211 opponet?
646 1145 715 1212 eget
727 1139 810 1197 illum
824 1153 880 1212 per
895 1152 1000 1198 omnes
1015 1142 1074 1196 ter·

105 1236 158 1280 ras
174 1219 299 1278 victoria
314 1235 379 1279 sua.
400 1221 485 1279 Illum
497 1221 666 1296 suspiciant
678 1229 707 1281 et
718 1222 817 1280 colen
806 1227 949 1295 tgentes=
964 1227 996 1280 tu
1005 1233 1075 1278 v1ve

105 1302 199 1364 Bruto
216 1303 358 1362 miratore
373 1309 569 1364 contentusss

167 1388 203 1446 X
235 1387 318 1446 Bene
339 1401 411 1462 ergo
434 1387 554 1447 exilium
575 1388 642 1447 tulit
655 1386 816 1447 Marcellus
838 1401 894 1446 nec
911 1386 1099 1461 quicqueml

106 1472 135 1529 in
158 1470 258 1530 animo
282 1471 347 1532 eius
369 1470 494 1531 mutavit
507 1473 568 1531 loci
582 1471 720 1544 mutatio,
742 1470 882 1545 quamvis
898 1486 964 1529 eam
979 1484 1072 1543 pau-

106 1562 239 1628 pertas
255 1563 444 1631 sequeretur.
466 1555 502 1613 in
521 1571 594 1630 qua
608 1554 703 1614 nihil
718 1555 805 1613 mali
820 1569 906 1628 esse,
933 1552 1073 1627 quisquis

105 1638 198 1701 inodo
219 1639 354 1699 nondum
375 1638 515 1713 pervenit
533 1640 562 1696 in
584 1639 732 1698 insaniam
754 1640 854 1698 omnia
868 1635 1073 1697 subvertentis
1119 1646 1121 1650 ’

105 1722 251 1782 avaritiae
265 1729 356 1798 atque
372 1722 526 1795 luxuriae,
541 1722 694 1797 intellegit.
729 1721 909 1794 Quantulum
922 1721 1001 1779 enim
1016 1728 1072 1793 est,

106 1807 190 1881 quod
210 1807 240 1865 iu
255 1807 380 1869 tutelam
395 1805 528 1866 hominis
543 1805 751 1866 necessarium
766 1805 825 1865 sit?
855 1812 884 1864 et
899 1805 948 1864 cui
961 1804 1073 1864 deesse

105 1891 163 1950 hoc
186 1896 286 1964 polest
305 1891 397 1949 ullam
416 1889 508 1950 modo
529 1888 669 1949 virtutem
689 1889 833 1949 habenti?
863 1888 951 1961 Quod
971 1888 1010 1946 ad
1025 1899 1101 1950 mel

106 1975 227 2047 quidem
249 1975 392 2048 pertinet,
413 1974 555 2048 intellego
570 1989 619 2032 me
634 1990 695 2033 non
712 1989 803 2048 opes,
825 1972 881 2032 sed
898 1973 1071 2046 occupatio-

105 2074 160 2117 nes
176 2058 359 2132 perdidisse.
390 2056 569 2133 corporis
592 2058 732 2132 exigua
752 2056 1071 2117 desideriasunt=

105 2143 230 2216 frigus
251 2143 470 2201 submoveri
491 2143 582 2214 vult,
604 2141 798 2200 alimentis
814 2141 947 2209 lamem
962 2139 1072 2198 acsi·

104 2227 168 2286 tim
183 2226 448 2300 exstinguere.
474 2225 619 2301 quicquid
635 2233 720 2285 extra
736 2224 969 2298 concupiscitur,
983 2221 1071 2292 vitiis,

104 2326 167 2369 non
183 2309 289 2369 usibus
305 2310 468 2371 laboratur.
496 2311 562 2369 Non
578 2316 626 2369 est
639 2324 769 2370 necesse
785 2322 874 2369 omne
888 2303 1072 2382 perscrutari

104 2392 288 2468 protundum
313 2409 370 2452 neo
395 2402 496 2468 strage
522 2394 694 2453 animalium
714 2400 850 2454 ventrem
871 2407 999 2451 onerare
1015 2406 1072 2450 neo

105 2474 267 2552 conchylia
291 2477 384 2536 ultimi
405 2479 497 2538 maris
521 2494 559 2535 ex
583 2477 685 2551 ignoto
701 2477 787 2536 litore
803 2491 924 2535 eruere=
950 2476 980 2534 di
995 2476 1072 2534 istos

104 2561 244 2635 deaeque
264 2561 407 2634 perdant,
432 2577 561 2634 quorum
582 2560 701 2620 luxuria
721 2569 781 2620 tam
796 2559 940 2621 invidiosi
954 2556 1072 2633 imperii

104 2645 183 2704 lines
199 2642 394 2704 transcendit.
426 2644 511 2704 Ultra
524 2643 636 2704 Phasin
652 2643 721 2718 oapi
732 2646 853 2716 volunt,
880 2643 963 2719 quod
978 2640 1101 2706 ambi-3

104 2729 214 2788 tiosam
236 2727 379 2801 popinam
399 2728 540 2801 instruat,
561 2743 619 2787 nec
641 2728 724 2802 piget
738 2745 756 2787 a
769 2727 900 2801 Parthis,
926 2727 1071 2803 aquibus

103 2812 238 2871 nondum
255 2826 372 2884 poenas
387 2811 577 2886 repetiimus
593 2828 666 2872 aves
682 2821 794 2887 petere.
816 2813 952 2886 undique
965 2814 1070 2885 [roris-
1172 2812 1175 2817 ’

102 2899 177 2956 simo
199 2900 341 2970 quaeque]
368 2895 541 2957 convehunt
564 2897 665 2956 omnia
689 2905 761 2956 nota
786 2895 948 2956 fastidienti
971 2896 1069 2970 gulae.

104 2980 188 3053 quod
205 2979 373 3038 dissolutus
388 2977 505 3040 deliciis
522 2980 695 3040 stomachus
710 2979 762 3040 vix
776 2979 926 3054 admittat,
947 2979 986 3039 ab
1004 2979 1070 3038 ulti-

104 3079 154 3124 mo
170 3070 307 3137 portatur
322 3061 453 3122 Oceano.
478 3071 605 3124 vomunt
618 3070 651 3123 ut
665 3064 770 3135 edant,
785 3064 879 3124 edunt
891 3069 925 3125 ut
938 3069 1069 3135 vomant,

105 3154 133 3205 et
154 3147 276 3221 epulas,
304 3163 380 3220 quas
402 3152 465 3206 toto
488 3146 562 3208 orbe
583 3147 780 3222 conquirunt,
805 3162 862 3206 neo
877 3161 1071 3221 concoquere
1108 3167 1112 3176 ·

100 3230 274 3304 dignantur.
296 3230 358 3290 Ista
374 3230 400 3289 si
415 3230 483 3305 quis
494 3230 632 3305 despicit,
650 3231 722 3303 quid
733 3231 775 3289 illi
786 3238 952 3306 paupertas
962 3236 1072 3291 nocete

104 3315 130 3373 si
146 3314 216 3389 quis
232 3313 435 3389 concupiscit,
450 3313 492 3373 illi
507 3323 673 3388 paupertas
690 3312 779 3374 etiam
796 3315 931 3389 prodest.
958 3313 1070 3373 invitus

102 3396 182 3494 enim
203 3405 328 3459 sanatur
350 3405 393 3472 et,
419 3398 445 3457 si
465 3398 600 3458 remedia
615 3414 653 3458 ne
668 3406 792 3459 coactus
808 3398 931 3473 quidem
944 3398 1069 3473 recepit,

103 3482 219 3541 interim
237 3490 319 3542 certe
334 3483 405 3542 dum
420 3498 480 3542 non
496 3487 613 3557 potest,
628 3481 741 3543 nolenti
756 3483 862 3543 similis
874 3491 929 3543 est.
954 3481 984 3542 C.
998 3481 1099 3543 cae-e
