2438 3968
191 248 256 310 222
368 248 404 307 L.
424 247 571 308 nunaut
591 247 767 308 SENECAE
786 249 887 309 DIAL.
909 248 959 307 XI.

189 405 339 464 audacter
359 402 496 462 dixerim.
530 400 603 477 quid
624 408 719 475 ergot
746 415 943 477 quemnemo
967 400 1120 461 adversus
1135 409 1162 461 te

195 488 325 548 animum
341 486 433 561 gerit,
454 501 523 546 eum
538 501 609 546 esse
623 492 656 545 tu
670 484 771 544 credie
786 482 885 545 fratris
899 484 958 559 tui,
980 490 1014 543 ut
1029 484 1164 545 cruciatu

194 572 236 632 tui
261 576 374 631 noceat
392 568 464 644 tibi,
483 575 522 628 ut
541 575 570 629 te
590 568 663 630 velit
682 567 835 628 abducere
856 567 894 626 ab
909 568 1163 643 occupationibus

193 655 263 728 tuis,
279 653 309 712 id
324 661 373 715 est
386 669 404 712 a
418 653 519 713 studio
535 659 565 711 et
579 668 597 711 a
609 651 760 711 Caesare-t
773 668 835 710 non
852 650 968 711 esthon
980 651 1079 711 simile
1091 653 1164 710 veri.

187 736 244 798 ille
266 736 345 796 enim
359 733 576 810 indulgentiam
587 734 643 795 ¹tibi
658 741 812 809 tamquam
822 735 909 795 tratri
926 734 1092 810 praestitit,
1115 751 1166 794 ve

194 821 381 882 nerationem
399 827 551 894 tamquam
566 820 694 894 parenti,
709 819 821 878 cultum
836 827 990 892 tamquam
1002 817 1166 894 superiori.

193 906 244 965 ille
259 901 413 963 desiderio
431 901 482 962 tibi
498 917 570 962 esse
583 901 655 974 uult,
671 907 818 961 tormento
833 917 904 962 esse
918 918 979 962 non
991 904 1067 963 vult.
1089 901 1167 976 auid

187 990 297 1062 ¹itaque
318 985 402 1045 iuvat
423 985 520 1046 dolori
543 982 746 1056 intabescere,
772 1001 877 1060 quern,
903 984 1015 1060 siquis
1031 984 1167 1046 defuncti

46 1080 49 1083 '
165 1081 309 1134 decusas
325 1077 387 1143 est,
403 1069 480 1129 linui
496 1069 588 1127 irater
602 1073 671 1127 tuus
688 1067 790 1142 cupiti
814 1070 859 1129 De
873 1067 932 1128 alio
947 1069 1056 1143 fratre,
1079 1070 1166 1129 cuius

194 1156 310 1215 incerta
325 1158 432 1228 posset
441 1153 583 1213 voluntas
594 1151 700 1223 videri,
715 1152 816 1211 omnio
826 1151 1005 1212 haecdubie
1019 1168 1167 1228 ponerem

188 1247 226 1299 ¹et
241 1237 389 1297 dicerem=
404 1235 496 1310 „sive
510 1243 540 1296 te
553 1235 690 1310 torqueri
703 1234 835 1297 lacrimis
844 1252 1011 1310 numquam
1023 1237 1166 1295 desinen-

190 1321 276 1382 tibus
302 1322 394 1380 frater
417 1327 487 1380 tuus
515 1319 611 1395 cupit,
640 1318 780 1393 indignus
805 1320 865 1379 hoc
888 1320 1010 1379 adlecta
1032 1327 1085 1380 tuo
1110 1326 1164 1378 est

196 1406 263 1466 sive
289 1420 350 1465 non
377 1403 454 1477 vult,
482 1403 604 1478 utrique
633 1410 767 1462 vestrum
792 1403 998 1463 inhaerentem
1024 1404 1163 1464 dolorem

197 1488 326 1549 dimitte:
343 1503 400 1548 nec
415 1487 516 1562 inpius
528 1487 621 1546 irater
631 1485 676 1545 sic
687 1486 853 1546 desiderari
866 1487 957 1549 debet
966 1502 1026 1546 nec
1038 1488 1110 1562 pius
1123 1488 1167 1546 sio

196 1574 298 1633 velit“
321 1572 350 1630 in
365 1571 423 1632 hoc
439 1586 523 1644 vero,
540 1571 625 1630 cuius
641 1575 700 1629 tam
717 1572 874 1644 explorata
890 1571 996 1645 pietas,
1013 1579 1166 1646 procerte

196 1655 370 1716 babendum
388 1662 437 1715 est
450 1654 523 1714 nihil
534 1669 608 1714 esse
622 1653 663 1712 illi
679 1669 774 1727 posse
788 1655 927 1714 acerbius
944 1669 1035 1730 quam
1051 1655 1125 1732 [hic]
1140 1655 1167 1712 si

191 1737 250 1799 tibi
270 1754 360 1798 casus
381 1739 446 1799 eius
469 1738 599 1798 acerbus
620 1743 681 1812 est,
703 1737 729 1797 si
749 1746 778 1798 te
792 1740 853 1799 ullo
872 1739 963 1800 modo
976 1745 1119 1813 torquet,
1142 1739 1167 1796 si

198 1823 304 1884 oculos
319 1829 398 1897 tuos,
413 1820 643 1895 indignissimos
658 1821 719 1880 hoc
734 1823 822 1895 malo,
838 1822 904 1882 sine
919 1823 981 1883 ullo
995 1821 1091 1883 flendi
1106 1823 1167 1882 fine

198 1913 228 1966 et
241 1905 400 1966 conturbat
413 1905 493 1965 idem
507 1911 537 1964 et
550 1904 697 1965 exhaurit.

98 2008 102 2019 ·
163 1992 183 2046 4
256 1986 1167 2063 Pietatemtamentuamnihilaequealacrimis

192 2080 269 2135 tam
289 2071 496 2132 inutilibus
521 2071 701 2144 abducet,
728 2088 837 2147 quam
862 2073 894 2131 si
921 2073 1167 2147 cogitaveris

198 2156 388 2217 iratribus
408 2162 444 2215 te
459 2155 535 2216 tuis
552 2157 727 2230 exemplo
743 2171 833 2216 csse
848 2155 990 2216 debere
1005 2155 1169 2216 lortiter

197 2238 938 2302 hanelortunaeiniuriamsustinendi.
967 2241 1055 2314 Quod
1071 2241 1167 2300 duces

197 2325 300 2400 magni
322 2324 436 2385 iaciunt
454 2325 547 2384 rebus
562 2324 703 2397 adiectis,
725 2330 758 2384 ut
771 2322 949 2384 hilaritatem
965 2326 1003 2384 de
1018 2325 1168 2384 industria

199 2410 340 2471 simulent
360 2416 390 2468 et
409 2410 556 2468 adversas
576 2423 626 2467 res
647 2408 824 2468 adumbrata
838 2409 949 2468 laetitia
966 2407 1166 2479 abscondant,

197 2510 237 2554 ne
258 2494 383 2553 militum
404 2493 508 2566 animi,
531 2492 556 2551 si
577 2493 701 2552 fractam
715 2491 802 2551 ducis
816 2491 865 2552 sui
880 2497 1010 2551 mentem
1026 2492 1167 2564 viderint,

199 2585 228 2639 et
247 2577 306 2652 ipsi
328 2577 529 2637 collabantur:
555 2577 586 2636 id
603 2591 683 2636 nunc
707 2574 760 2635 tibi
782 2591 905 2651 quoque
923 2577 1096 2637 iaciendum
1111 2583 1167 2635 est.

171 2661 294 2722 blndue
315 2660 494 2721 dissimilem
515 2660 615 2720 animo
631 2667 682 2720 tuo
697 2660 811 2720 voltum
827 2666 870 2734 et,
892 2660 918 2719 si
934 2667 1037 2735 potes,
1062 2660 1169 2735 proice

201 2759 320 2804 omnem
337 2760 375 2803 ex
389 2751 452 2805 toto
469 2745 620 2805 dolorem:
637 2743 782 2818 siminus,
797 2746 946 2804 introrsus
960 2743 1167 2803 abdeetcon-

200 2827 277 2901 tine,
298 2842 337 2886 ne
352 2828 512 2903 adpareat,
528 2834 558 2886 et
572 2829 611 2887 da
625 2842 764 2902 operam,
779 2833 813 2887 ut
828 2828 934 2888 iratres
950 2828 992 2889 tui
1011 2834 1040 2886 ιε
1052 2827 1168 2886 imiten-

200 2918 261 2984 tur,
287 2910 338 2985 qui
359 2910 520 2971 honestum
540 2909 699 2986 putabunt,
728 2912 944 2988 quodcumque
965 2918 994 2970 te
1009 2909 1168 2971 facientem

201 2994 331 3054 viderint
345 2995 538 3071 animumque
553 3010 593 3054 ex
607 2996 691 3055 voltu
708 3002 758 3056 tuo
771 3003 899 3057 sument.
916 2996 954 3055 Et
964 2994 1105 3055 solatium
1117 2995 1169 3055 de-

201 3079 257 3138 bes
273 3094 344 3139 esse
359 3079 476 3138 illorum
490 3086 520 3138 et
534 3082 722 3139 consolatam
737 3095 798 3138 non
809 3079 927 3155 ‘poterIs
944 3084 1045 3139 autem
1059 3078 1169 3138 horum

203 3163 335 3221 moerori
350 3162 487 3236 obstare,
506 3163 532 3223 si
547 3169 599 3222 tuo
614 3163 785 3223 indulseris.

177 3246 191 3297 l
265 3245 315 3303 Vl.
336 3245 402 3322 [aa]
435 3247 568 3308 Potest
593 3246 711 3307 etilla
734 3263 797 3306 res
819 3263 837 3305 a
857 3249 964 3306 luctu
986 3254 1022 3306 te
1039 3245 1169 3320 prohi-

202 3325 1167 3405 berenimio,sitibiipserenuntiaveris,nihilho>

203 3424 290 3482 rum,
308 3427 404 3484 quae
419 3413 531 3488 lacis,
547 3430 664 3490 posse
680 3414 855 3474 subduci.
878 3414 1017 3487 Magnam
1029 3413 1084 3473 tibi
1102 3427 1168 3487 per-

205 3507 313 3555 sonam
327 3492 481 3557 hominum
493 3513 662 3560 consensus
676 3498 824 3574 inposuit:
839 3498 914 3558 haec
926 3497 978 3557 tibi
989 3497 1102 3558 tuenda
1113 3502 1168 3556 est
