2438 3968
319 243 369 302 DE
392 242 610 301 CLEMENTlA
630 242 735 300 Luat.
757 249 888 302 ‘la-26.
1024 238 1085 302 297

120 395 177 452 ista
190 392 291 452 rabies
306 401 353 453 est
367 394 514 468 sanguine
526 393 659 468 gaudere
671 410 706 451 ac
719 392 910 467 volneribus,
926 401 956 453 et
966 392 1084 455 abiecto

118 477 240 537 bomine
255 477 284 535 in
299 477 438 536 silvestre
452 477 562 536 animal
578 477 716 536 transire.

180 559 272 618 XXV.
295 559 372 634 Quid
393 561 472 620 enim
492 560 630 631 interest,
652 576 705 619 oro
725 566 769 631 te,
792 560 981 634 Alexander,
1004 562 1111 620 leonil

117 643 332 720 Lysimachum
348 645 464 704 obicias
480 661 518 702 an
532 645 601 718 ipse
615 646 731 702 laceres
744 643 885 702 dentibus
901 645 980 704 tuis?
999 653 1084 705 tuum

119 744 155 788 os
177 733 237 798 est,
262 735 313 787 tua
334 728 384 786 illa
403 728 514 786 feritas.
552 725 574 787 0
591 744 680 801 quam
698 742 827 802 cuperes
843 727 896 786 tibi
911 727 1013 801 potius
1028 746 1083 789 un-

116 826 194 886 gues
218 826 303 882 esse,
326 810 379 870 tibi
398 809 504 871 rictum
522 811 604 871 illum
621 811 809 871 edendorum
823 810 978 872 hominum
993 828 1082 886 capa·

117 900 205 954 cem?
239 893 305 953 Non
326 893 474 967 exigimus
495 901 572 965 ate,
594 902 627 954 ut
641 910 749 955 manus
763 895 836 967 ista,
860 894 983 955 exitium
999 897 1082 955 lami-

115 978 234 1044 liarium
258 977 472 1049 certissimum,
503 979 554 1037 ulli
576 978 716 1038 salutaris
739 979 796 1051 sit,
825 987 858 1037 ut
882 978 939 1039 iste
965 979 1082 1039 animus

116 1062 218 1131 lerox,
242 1060 411 1121 insatiabile
432 1063 564 1135 gentium
584 1064 709 1136 malum,
732 1061 806 1122 citra
819 1063 998 1136 sanguinem
1015 1079 1082 1122 cae-

115 1147 248 1219 demque
269 1145 408 1205 satietur=
431 1146 618 1206 elementiam
640 1162 731 1218 voca,
753 1147 805 1206 aba·
821 1146 860 1204 ad
881 1147 1083 1207 occidendum

113 1228 245 1288 amicum
267 1229 401 1288 carnifex
423 1229 500 1289 inter
520 1228 658 1290 homines
682 1230 809 1304 eligitur.
846 1230 911 1288 Hoc
927 1238 974 1289 est
990 1234 1116 1305 quarer

113 1314 164 1372 vel
186 1312 317 1372 maxime
335 1311 539 1373 abominanda
552 1314 592 1373 sit
606 1312 746 1383 saevitia,
772 1315 854 1388 quod
870 1314 991 1375 excedit
1005 1315 1082 1374 lines

115 1394 245 1471 primum
265 1394 388 1469 solitos,
417 1397 527 1457 deiude
546 1396 705 1457 humanos.
739 1414 819 1457 nova
840 1398 991 1473 supplicia
1011 1414 1067 1458 con

114 1478 214 1554 quirit,
229 1479 383 1555 ingenium
396 1482 534 1553 advocat,
550 1481 747 1540 instrumenta
758 1480 918 1555 excogitat
939 1497 994 1557 per
1004 1497 1083 1557 quae

113 1563 246 1622 varietur
261 1571 353 1637 atque
374 1564 554 1624 extendatur
574 1564 676 1637 dolor,
697 1572 727 1626 et
742 1565 906 1626 delectetur
920 1567 1007 1625 malis
1027 1566 1080 1625 ho-

113 1647 236 1706 minum.
271 1649 354 1706 Tunc
375 1647 424 1706 ille
446 1648 528 1707 dirus
550 1648 640 1708 animi
655 1648 780 1708 morbus
795 1649 834 1707 ad
849 1647 998 1708 insaniam
1013 1647 1113 1724 per-3

114 1731 196 1791 venit
208 1730 356 1804 ultimam,
378 1745 445 1790 cum
461 1731 626 1791 crudelitas
641 1748 731 1791 versa
746 1731 837 1792 estin
854 1734 1036 1807 voluptatem
1052 1742 1081 1792 et

112 1815 172 1873 iam
193 1813 334 1874 occidere
353 1814 506 1874 hominem
528 1817 624 1875 iuvat:
650 1832 719 1874 nam
740 1818 828 1875 talem
851 1816 948 1875 virum
962 1833 980 1876 a
994 1825 1080 1894 tergo

112 1899 250 1972 sequitur
270 1897 406 1971 eversio,
430 1899 515 1970 odia,
539 1914 672 1971 venena,
690 1900 791 1974 gladii.
812 1908 872 1960 tam
886 1902 986 1961 multis
1002 1902 1080 1976 peri-

114 1981 191 2042 culis
201 1981 322 2056 petitur,
335 1998 426 2056 quam
437 1985 597 2042 multorum
608 1981 677 2058 ipse
688 1983 857 2057 periculum
868 1992 923 2057 est,
941 1985 1079 2060 privatis-

114 2080 173 2139 que
200 2081 427 2140 nonnumquam
454 2066 605 2139 consiliis,
633 2067 709 2127 alias
736 2084 808 2128 vero
835 2069 1080 2128 consternatione

112 2149 234 2223 publica
245 2149 486 2212 circumvenitur.
505 2151 580 2210 levis
592 2153 672 2210 enim
684 2158 712 2209 et
724 2152 843 2226 privata
854 2151 1007 2225 pernicies
1018 2168 1080 2212 non

111 2238 191 2289 totas
206 2231 299 2292 urbes
314 2241 430 2294 movet:
453 2236 537 2308 quod
552 2237 611 2295 late
626 2237 727 2294 furere
743 2236 845 2308 coepit
858 2243 888 2294 et
903 2251 1010 2294 omnes
1027 2235 1078 2294 ad·

114 2320 193 2388 petit,
210 2317 346 2390 undique
362 2317 531 2392 configitur.
560 2317 727 2393 Serpentes
744 2319 888 2391 parvulae
904 2320 1008 2378 fallunt
1021 2324 1109 2378 necd

111 2397 232 2472 publice
244 2401 476 2474 conquiruntur:
491 2400 543 2461 ubi
553 2401 656 2476 aliqua
667 2400 786 2461 solitam
798 2416 969 2460 mensuram
981 2410 1077 2461 trans-

111 2481 145 2541 iit
165 2487 196 2540 et
215 2481 244 2539 in
265 2489 433 2543 monstrum
455 2483 606 2555 excrevit,
628 2482 680 2542 ubi
702 2485 802 2543 fontes
826 2491 901 2559 polu
921 2483 1025 2545 iniecit
1039 2493 1078 2558 et,

106 2562 292 2637 similavit,
316 2566 415 2626 deurit
431 2566 600 2640 obteritque
608 2613 618 2639 ,,
638 2583 831 2642 quacumque
853 2567 993 2642 incessit,
1013 2569 1077 2628 bal-

110 2648 187 2709 listis
201 2649 320 2723 petitur.
337 2650 587 2710 Possuntverba
599 2652 672 2710 dare
684 2657 713 2711 et
724 2653 856 2711 evadere
869 2653 978 2727 pusilla
989 2653 1077 2727 mala,

109 2730 281 2806 ingentibus
313 2734 432 2794 obviam
462 2735 529 2793 itur.
571 2733 622 2793 Sic
647 2751 726 2795 unus
753 2751 845 2811 aeger
873 2751 930 2796 nea
955 2737 1108 2796 domumb

110 2815 232 2891 quidem
256 2818 417 2891 perturbat.
452 2825 484 2877 at
502 2817 553 2876 ubi
574 2819 689 2880 crebris
709 2819 856 2881 mortibus
878 2820 1077 2895 pestilentiam

109 2915 180 2960 esse
205 2900 361 2975 adparuit,
388 2900 585 2962 conclamatio
608 2902 736 2971 civitatis
756 2919 793 2963 ac
818 2905 890 2978 luga
911 2911 958 2965 est
979 2912 1009 2964 et
1029 2903 1077 2964 dis

107 2984 185 3059 ipsis
207 3001 313 3044 manus
337 2985 526 3053 intentantur.
559 2985 622 3047 Sub
644 3005 706 3047 uno
729 2987 831 3062 aliquo
853 2995 932 3049 tecto
955 2986 1077 3046 flamma

108 3068 267 3142 adparuit:
301 3068 412 3127 lamilia
432 3068 585 3144 vicinique
604 3088 716 3144 aquarn
735 3071 883 3145 ingerunt.
920 3077 950 3132 at
973 3071 1075 3132 incen-

107 3152 190 3212 dium
205 3160 324 3212 vastum
340 3161 368 3213 et
385 3154 494 3211 multas
510 3154 568 3211 iam
584 3154 692 3214 domos
708 3155 869 3228 depastum
885 3161 969 3229 parte
989 3154 1074 3214 urbis

106 3237 250 3296 obruitur.

168 3320 274 3379 XXVI.
298 3320 507 3381 Crudelitatem
529 3321 714 3394 privatorum
730 3322 857 3382 serviles
873 3337 997 3398 quoque
1012 3338 1073 3380 ma·
1089 3332 1101 3382 t

104 3420 164 3463 nus
190 3404 248 3463 sub
274 3412 356 3465 certo
377 3404 477 3464 crucis
499 3404 634 3478 periculo
655 3406 735 3464 ultae
757 3412 846 3465 sunt:
877 3414 1073 3484 tyrannorum

103 3495 213 3562 gentes
236 3489 404 3563 populique
425 3495 455 3546 et
475 3503 603 3564 quorum
625 3496 690 3548 crat
711 3490 819 3548 malum
844 3497 874 3550 et
892 3490 937 3564 hi,
964 3490 1074 3564 quibus
