2438 3968
410 488 413 493 ’
460 561 516 663 t.
544 559 683 642 mum
709 558 879 642 sumum

439 715 487 764 nt)
511 711 697 764 NERONEM
722 713 928 764 CAESAREM

321 828 1048 930 nuottmultlll

598 996 775 1058 LIBERI.

611 1142 763 1151 -.---

177 1283 193 1336 1
268 1270 289 1327 Ι.
320 1265 459 1329 Scribere
482 1267 520 1326 de
542 1266 714 1337 clementia,
736 1265 815 1325 Nero
835 1262 960 1336 Caesar,
989 1264 1123 1338 institui,
1146 1273 1174 1325 ut

206 1353 431 1429 quodammodo
454 1350 571 1425 speculi
587 1351 653 1409 vice
668 1350 809 1423 fungerer
822 1356 852 1408 et
867 1354 895 1406 te
909 1346 961 1406 tibi
977 1350 1173 1409 ostenderem

205 1444 419 1513 perventurum
435 1436 474 1494 ad
488 1435 673 1509 voluptutem
688 1432 848 1492 maximam
863 1430 1006 1491 omnium.
1035 1433 1173 1508 quamvis

206 1521 284 1581 enim
304 1529 387 1581 recte
406 1521 551 1579 laetorum
565 1533 657 1577 veros
673 1517 786 1576 fructus
801 1516 841 1576 sit
858 1515 984 1587 iecisse,
1008 1532 1069 1577 neo
1085 1518 1173 1578 ullum

205 1603 348 1664 virtutum
371 1603 498 1677 pretium
520 1603 641 1676 dignum
664 1600 722 1660 illis
743 1607 829 1660 extra
849 1599 933 1673 ipsos
956 1600 1011 1675 sit,
1035 1601 1122 1663 iuvat
1135 1603 1173 1661 iu-

206 1688 326 1761 spicere
346 1695 377 1747 et
396 1686 552 1746 circumire
569 1685 681 1745 bonam
696 1684 926 1754 conscientiam,
948 1689 1011 1743 tum
1028 1684 1175 1747 inmittere

207 1771 315 1829 oculos
330 1770 360 1829 in
373 1769 452 1828 hanc
466 1770 631 1829 inmensam
647 1767 865 1828 multitudinem
881 1767 1074 1845 discordem,
1099 1769 1174 1831 sedi·

207 1854 331 1924 tiosom,
351 1851 551 1926 inpotentem,
575 1852 604 1911 in
625 1851 788 1926 perniciem
810 1851 937 1910 alienam
954 1867 1110 1929 suamque
1125 1870 1174 1929 pa·

207 1937 278 1997 riter
299 1936 530 2009 exsultaturam,
560 1936 586 1994 si
607 1935 665 1995 hoc
687 1936 788 2009 iugum
810 1935 945 2010 fregerit,
972 1941 1003 1995 et
1026 1935 1069 1997 ita
1096 1937 1175 2013 loqui

180 2036 327 2092 asceam:
356 2019 461 2093 Egone
479 2035 516 2078 ex
533 2019 672 2079 omnibus
688 2019 863 2078 mortalibus
882 2017 981 2092 placui
997 2019 1175 2096 electusque

208 2121 284 2177 sum,
302 2101 354 2177 qui
369 2103 397 2161 in
415 2103 501 2163 terris
513 2102 639 2163 deorum
651 2103 717 2163 vice
733 2103 894 2178 fungerer?
914 2118 971 2177 ego
983 2103 1069 2165 vitae
1080 2104 1174 2166 necis·

209 2204 268 2265 que
289 2185 429 2262 gentibus
444 2185 575 2246 arbiter?
594 2187 714 2261 qualem
729 2186 860 2261 quisque
874 2194 987 2247 sortem
1004 2195 1174 2264 statumque

208 2271 332 2344 habeat,
354 2271 383 2330 in
405 2286 494 2330 manu
515 2286 582 2329 mea
604 2271 734 2344 positum
756 2277 823 2332 est?
847 2270 919 2345 quid
938 2269 1051 2347 cuique
1068 2280 1173 2334 morto·

208 2354 281 2416 lium
294 2355 426 2415 Fortuna
437 2355 539 2415 datum
554 2353 638 2425 velit,
656 2369 723 2414 meo
739 2371 791 2414 ore
805 2353 999 2430 pronuntiati
1021 2371 1061 2416 ex
1073 2365 1173 2417 nostro

209 2455 360 2513 responso
383 2436 512 2499 lactitiae
536 2454 645 2499 causas
673 2440 776 2512 populi
802 2437 955 2513 urbesque
981 2440 1175 2516 concipiunt?

208 2523 291 2583 nulla
313 2539 383 2596 pars
405 2539 533 2595 usquam
552 2521 610 2582 nisi
632 2522 752 2582 volente
773 2522 967 2597 propitioque
992 2539 1041 2584 me
1070 2524 1175 2585 llorett

208 2607 285 2665 haec
307 2613 349 2666 tot
371 2605 451 2666 milia
471 2606 654 2680 gladiorum,
676 2622 756 2679 quae
775 2622 836 2681 pax
857 2621 923 2665 mea
938 2606 1117 2681 conprimit,
1139 2606 1173 2666 ad

209 2696 314 2748 uutum
330 2705 427 2749 meum
442 2688 647 2764 stringentur?
670 2706 747 2763 quas
762 2691 901 2750 notiones
917 2689 1054 2751 funditus
1068 2691 1173 2760 excidi,

211 2789 287 2848 quos
310 2772 522 2847 transportari,
545 2773 655 2848 quibus
677 2773 843 2834 libertatem
859 2773 938 2845 dari,
963 2773 1077 2848 quibus
1093 2774 1173 2850 eripi,

211 2873 290 2932 quos
311 2871 400 2930 reges
421 2856 570 2930 mancipia
590 2857 655 2916 lieri
678 2873 868 2931 quorumque
884 2857 973 2933 capiti
988 2858 1108 2932 regium
1123 2859 1173 2919 cir-

211 2940 345 3002 cumdari
366 2940 461 3000 decus
477 2946 630 3014 oporteat,
656 2956 734 3015 quae
749 2949 837 3001 ruant
852 2939 958 3015 urboS,
981 2957 1063 3016 quae
1080 2942 1173 3003 orian·

181 3039 198 3094 3
210 3035 270 3101 tur,
288 3039 355 3084 mea
367 3022 533 3084 iurisdictio
546 3032 615 3085 est?
645 3025 678 3083 ln
690 3025 748 3084 hae
760 3031 840 3085 tauta
853 3025 991 3085 facultate
1003 3041 1106 3087 rerum
1119 3042 1174 3086 uon

211 3109 254 3168 ira
274 3125 321 3168 me
343 3107 383 3166 ad
403 3106 508 3183 iniqua
525 3109 674 3183 supplicio
691 3108 839 3183 conpulit,
860 3125 921 3169 non
936 3107 1079 3170 iuvenilis
1095 3111 1172 3186 inpe

211 3199 273 3265 tus,
297 3208 356 3252 nou
378 3191 528 3253 temeritas
548 3192 701 3252 hominurn
717 3200 747 3252 et
761 3192 964 3266 contumacia,
988 3209 1069 3268 quae
1085 3208 1175 3268 saepe

210 3274 465 3350 tranquillissimis
494 3291 616 3350 quoque
644 3274 817 3350 pectoribus
845 3276 1018 3350 patientiam
1039 3278 1175 3348 extorsit,

211 3373 272 3417 non
293 3357 361 3433 ipsa
386 3359 584 3420 ostentandae
605 3375 660 3434 per
681 3367 811 3419 terrores
833 3360 986 3435 potentiue
1007 3359 1094 3436 dira,
1123 3360 1177 3422 sed

213 3441 357 3518 irequons
378 3442 494 3514 magnis
515 3441 649 3516 imperiis
669 3442 775 3516 gloria.
810 3442 982 3514 conditum,
1000 3444 1092 3507 immo
1109 3460 1176 3507 con·
