2438 3968
201 251 262 317 128
401 251 433 310 L.
455 250 601 310 ANNAEl
623 249 798 309 SENECAE
818 249 919 309 DIAL.
941 247 995 309 Vl.

199 404 278 465 Dicit
286 401 650 464 omnibusnobisnaturar
672 400 848 474 „Neminem
856 398 988 476 decipio.
1003 407 1035 461 tu
1052 399 1079 461 si
1094 401 1175 462 lilios

200 487 369 557 sustuleris,
386 486 501 561 poteris
515 484 629 544 babere
645 484 807 556 formosos,
832 490 862 543 et
876 484 1033 544 deiormes
1050 487 1175 560 poteris.

200 574 332 631 fortasse
347 573 459 646 [pauca
471 570 612 643 fortusse]
628 568 710 627 multi
725 573 899 627 nascentur.
922 583 994 628 esse
1008 568 1122 644 aliquis
1137 585 1176 630 ex

76 657 78 660 ’
168 663 184 722 7
199 656 257 715 illis
272 661 330 714 tarn
347 661 486 715 servator
506 652 621 728 patriae
636 667 726 726 quam
749 651 887 726 proditor
902 653 1022 726 poterit.
1046 669 1108 713 non
1129 661 1177 714 est

201 740 284 814 quod
305 738 453 812 desperes
474 744 574 797 tantae
598 734 781 810 dignationis
803 736 931 809 futuros,
953 743 987 797 ut
1007 752 1098 797 nemo
1122 738 1175 797 tibi

199 830 325 898 propter
339 820 407 881 illos
422 819 603 880 maledicere
616 820 741 879 audeat:
758 835 898 895 propone
912 827 1013 879 tamen
1029 827 1059 880 et
1073 828 1175 881 tautae

172 940 178 957 ,
200 909 318 967 loturos
330 904 533 980 turpitudinis,
545 913 578 964 ut
589 903 647 977 ipsi
658 903 819 963 maledicta
831 904 899 964 sint.
923 903 995 963 nibil
1008 911 1092 964 vetat
1106 904 1174 964 illos

198 991 252 1050 tibi
268 1003 411 1064 suprema
425 995 581 1063 praestare
593 994 622 1047 et
637 987 753 1046 laudari
768 994 826 1046 tea
840 986 944 1047 liberis
958 986 1035 1047 tuis=
1057 989 1115 1049 sed
1131 989 1174 1048 sic

198 1083 228 1134 te
245 1089 319 1148 para
331 1079 483 1147 tamquam
500 1073 528 1129 in
545 1071 615 1146 igne
630 1069 800 1146 inpositura
816 1072 866 1130 vel
882 1086 1010 1146 puerum
1025 1073 1074 1131 vel
1091 1073 1174 1132 iuve-

200 1173 268 1218 nem
285 1157 332 1215 vel
348 1170 462 1215 senem.
493 1155 563 1214 nibil
580 1156 658 1214 enim
679 1155 718 1214 ad
739 1169 801 1213 rem
824 1156 974 1230 pertinent
993 1155 1074 1229 anni,
1100 1172 1173 1230 quo·

199 1242 280 1300 niam
296 1240 408 1299 nullum
424 1255 485 1299 non
503 1238 646 1298 acerbum
661 1238 752 1297 lonus
769 1246 824 1311 est,
841 1240 925 1313 quod
941 1254 1055 1313 parens
1071 1240 1173 1313 sequi·

198 1332 256 1386 tur.
279 1325 352 1384 Post
364 1325 420 1383 has
432 1323 516 1399 leges
528 1323 714 1398 propositas,
729 1323 755 1382 si
770 1321 883 1383 liberos
895 1322 986 1396 tollis,
1002 1323 1085 1383 omui
1099 1324 1173 1385 deos

199 1410 312 1470 invidia
327 1407 448 1481 liberas,
465 1406 517 1482 qui
531 1408 584 1467 tibi
598 1404 672 1466 nihil
690 1407 761 1465 certi
777 1407 1021 1482 spoponderunt.

169 1503 184 1558 1
260 1493 365 1553 XVlll.
389 1492 438 1552 Ad
453 1491 531 1551 hanc
545 1491 704 1566 imaginem
720 1491 849 1564 agedum
865 1491 958 1551 totius
973 1489 1055 1551 vitae
1071 1491 1172 1552 introi·

199 1587 261 1639 tum
276 1579 453 1637 reseramus.
487 1575 660 1654 Syracusas
682 1572 798 1634 viseres
819 1573 994 1635 deliberanti
1014 1574 1069 1634 tibi
1090 1577 1172 1651 quic·

201 1661 274 1736 quid
289 1662 440 1720 delectare
456 1667 582 1734 poterat,
600 1656 744 1734 quicquid
760 1657 925 1730 offendere,
942 1659 1086 1734 exposui.
1103 1667 1173 1734 puta

200 1745 337 1804 nascenti
352 1760 399 1802 me
412 1742 466 1804 tibi
479 1743 584 1802 venire
598 1744 628 1802 in
644 1742 818 1802 consilium
837 1743 1001 1803 intraturus
1018 1759 1052 1803 es
1068 1744 1172 1804 urbem

201 1830 248 1887 dis
269 1826 502 1901 hominibusque
524 1841 728 1898 communem,
752 1826 853 1885 omnia
878 1828 1061 1901 conplexam
1084 1828 1172 1887 certis

201 1910 319 1984 legibus
334 1903 715 1985 aeternisquedev'inctam
730 1909 926 1984 indefatigata
941 1912 1121 1971 coelestium
1129 1912 1171 1970 ol-

169 1994 270 2054 ancia
280 1994 461 2053 volventem.
478 1992 595 2052 videbis
608 1993 667 2053 illio
677 1993 902 2054 innumerabilis
914 1995 1028 2067 stellas,
1046 1995 1172 2072 [videre]

199 2077 356 2138 miraberis
375 2092 436 2136 uno
450 2077 550 2136 sidere
562 2078 663 2138 omnia
673 2078 789 2152 inpleri,
805 2076 900 2138 solem
915 2078 1069 2138 cotidiano
1082 2094 1172 2139 cursu

200 2163 249 2223 die
270 2162 431 2236 noctisque
452 2160 550 2235 spatia
569 2161 746 2235 signantem,
769 2177 870 2221 annuo
890 2169 1023 2222 aestates
1040 2163 1173 2223 hiemes-

201 2262 260 2321 que
272 2246 462 2320 aequaliter]
474 2261 573 2320 usque
588 2245 780 2305 dividentem.
804 2246 922 2306 videbis
935 2252 1115 2307 nocttunam
1128 2249 1171 2306 lu-

199 2346 257 2390 nae
272 2330 512 2402 successionem,
526 2346 543 2388 a
558 2329 697 2389 fraternis
715 2330 894 2391 occursibus
913 2332 981 2389 lene
996 2332 1172 2391 remissurn·

200 2431 260 2489 que
278 2415 377 2474 lumen
392 2421 576 2474 mutuantem
592 2420 622 2472 et
641 2413 732 2475 modo
749 2415 906 2488 occultam,
929 2414 1022 2474 modo
1043 2423 1108 2476 toto
1121 2429 1172 2475 ore

199 2498 287 2558 terris
302 2499 510 2572 inminentem,
533 2497 762 2558 accessionibus
788 2498 968 2572 damnisque
988 2498 1172 2572 mutabilem,

166 2586 184 2640 3
199 2597 320 2656 semper
334 2582 492 2656 proximae
508 2580 693 2642 dissimilem.
718 2582 836 2641 videbis
852 2581 987 2656 quinque
1009 2584 1113 2642 sidera
1129 2582 1168 2642 di

198 2680 305 2725 versas
320 2665 439 2740 agentia
455 2665 520 2725 vias
535 2673 565 2726 et
579 2667 607 2724 in
624 2666 806 2725 contrarium
822 2665 979 2742 praecipiti
993 2668 1108 2726 mundo
1130 2666 1173 2726 ni-

198 2749 298 2807 tentia.
322 2765 361 2809 ex
381 2749 488 2809 horum
504 2749 666 2809 levissimis
683 2748 815 2811 motibus
832 2751 970 2810 torturae
987 2751 1172 2825 populorum

199 2831 372 2907 dependent
383 2839 412 2892 et
423 2830 555 2893 maxima
565 2848 601 2891 ac
613 2833 735 2892 minima
748 2834 876 2907 proinde
889 2836 1065 2907 lormantur,
1083 2840 1175 2909 prout

200 2931 328 2992 aequum
344 2917 518 2991 iniquumve
533 2915 619 2976 sidus
640 2915 775 2978 incessit.
798 2917 955 2977 miraberis
976 2918 1093 2978 coiecta
1117 2935 1171 2978 nu·

201 2999 259 3059 bila
274 3007 304 3060 et
318 3000 463 3061 cadentes
479 3017 574 3074 aquas
593 3009 622 3060 et
643 3000 767 3076 obliqua
787 3001 910 3061 fulmina
925 3006 955 3060 et
975 3002 1053 3063 coeli
1071 3003 1172 3077 trago·

167 3083 271 3144 4rcm.
302 3083 375 3143 Cum
390 3083 515 3144 satiatus
534 3086 709 3159 spectaculo
729 3100 910 3160 superorum
925 3085 954 3143 in
969 3091 1079 3146 terram
1098 3101 1171 3146 ocu·

199 3167 246 3227 los
262 3166 421 3241 deieceris,
438 3167 571 3242 excipiet
584 3176 613 3228 te
629 3169 687 3228 alia
703 3170 823 3229 lortuna
837 3185 937 3229 rerum
952 3170 1101 3245 aliterque
1117 3170 1171 3229 mi·

199 3251 318 3308 rabilisz
340 3251 410 3310 binc
427 3265 601 3326 camporum
624 3252 653 3311 in
668 3252 815 3315 infinitum
836 3253 999 3328 patentium
1022 3255 1092 3315 lusa
1107 3255 1169 3328 pla·

198 3332 296 3406 nities,
312 3332 381 3391 hinc
401 3337 547 3395 montium
557 3336 675 3410 magnis
696 3345 725 3397 et
741 3336 892 3398 nivalibus
914 3338 1102 3412 surgentium
1128 3337 1170 3397 iu-

198 3413 246 3498 gis
257 3416 348 3475 erecti
360 3418 388 3475 in
403 3419 531 3478 sublime
542 3420 681 3480 vertices.
705 3420 1006 3482 deiectusilumlnum
1019 3429 1097 3482 etex
1109 3438 1171 3482 uno

199 3501 282 3560 ionte
297 3499 325 3558 in
343 3501 529 3562 occidentem
546 3505 752 3579 orientemque
768 3504 866 3564 delusi
879 3520 984 3565 amnes
999 3513 1029 3566 et
1043 3506 1171 3565 summis
