2438 3968
151 251 203 310 At)
227 249 409 310 llAltclAltl
430 250 481 308 DE
503 248 803 309 CONSOLATIONE.
830 258 869 311 16.
886 257 928 312 l'l.
968 247 1029 313 127

55 409 147 476 teque
163 400 358 474 inquietares,
381 407 508 460 mortem
529 406 558 459 et
572 400 692 459 timeres
715 408 745 459 et
760 408 884 475 optares
900 408 929 461 et
945 403 1029 477 quod

54 493 103 544 est
125 484 306 558 pessimum,
328 499 491 558 numquam
507 484 618 556 scires,
641 484 727 543 cuius
749 499 837 544 esses
858 492 964 546 status.
998 485 1028 548 st

55 569 125 643 quis
135 567 309 646 Syracusas
319 565 430 641 petenti
439 568 567 627 diceret:
581 566 911 643 „omniaiucommoda,
922 586 1029 630 omnes

54 653 228 727 voluptates
255 651 373 711 suturae
396 649 647 726 peregrinationis
673 658 744 711 tuae
773 658 843 711 ante
865 667 1028 727 cognosce,

56 735 168 795 deinde
182 736 221 794 ita
237 735 356 809 naviga.
378 735 455 794 haec
470 741 549 807 sunt,
566 751 644 809 quae
657 736 757 794 mirari
774 735 1030 810 possise‘videbis

56 819 185 895 primum
197 819 296 892 ipsam
308 819 436 878 insulam
452 818 490 877 ab
501 819 586 878 ltalia
600 827 730 894 angusto
746 820 952 879 interscissam
972 820 1030 878 lre-

55 911 97 974 to,
110 919 200 976 quam
215 902 379 962 continenti
393 903 546 977 quondam
560 903 738 965 cohaesisse
747 910 873 964 constat.
897 903 1030 964 subitum

57 987 107 1046 illo
124 1002 206 1045 mare
221 987 333 1061 inrupit
347 993 376 1046 et

277 1071 452 1145 Hesperium
466 1069 564 1130 Siculo
578 1073 656 1130 tatus
666 1073 798 1131 abscidit.

57 1153 168 1213 deinde
183 1154 312 1227 videbiS,
327 1155 428 1214 licebit
446 1154 525 1212 enim
541 1154 593 1214 tibi
607 1155 816 1215 avidissimum
833 1153 925 1214 maris
940 1154 1030 1214 verti-

56 1253 122 1296 cem
150 1238 347 1311 restringere,
382 1246 505 1298 stratam
532 1238 612 1297 illam
641 1239 809 1299 fabulosam
837 1237 1030 1314 Charybdim,

57 1321 202 1396 quamdiu
215 1322 253 1380 ah
266 1329 369 1381 austro
379 1330 475 1393 vacat,
491 1328 522 1381 at
535 1321 561 1381 si
574 1321 648 1396 quid
662 1323 733 1381 inde
744 1322 952 1381 vehementius
967 1321 1029 1396 spi·

55 1406 142 1475 ravit,
158 1421 268 1478 magno
283 1405 366 1464 hiatu
381 1404 596 1480 profundoque
611 1406 732 1480 navigia
746 1407 928 1466 sorbentem.
946 1405 1028 1463 vide·
1046 1415 1063 1464 e

55 1489 103 1548 bis
124 1487 394 1548 celebratissimum
416 1488 598 1548 carminibus
620 1490 731 1548 lentem
746 1488 943 1562 Arethusam,
966 1489 1030 1548 niti·

56 1571 174 1632 dissimi
190 1587 226 1630 ac
247 1573 395 1647 perlucidi
410 1573 449 1631 ad
464 1573 554 1632 imum
577 1574 686 1648 stagni,
707 1572 911 1646 gelidissimas
933 1588 1031 1647 aquas

58 1655 302 1730 profundentem,
319 1657 384 1715 sive
399 1656 465 1715 illas
480 1656 521 1716 ibi
538 1657 665 1731 primum
681 1657 836 1716 nascentis
851 1657 974 1729 invenit,
991 1655 1031 1714 si-

57 1754 98 1798 ve
119 1740 220 1812 ipsum
234 1743 265 1799 in
279 1741 367 1799 terris
383 1739 494 1799 llumen
519 1738 667 1815 integrum
684 1741 787 1800 subter
802 1747 846 1801 tot
860 1740 955 1800 maria
969 1747 1031 1800 eta

56 1823 240 1883 contusione
256 1823 369 1897 peioris
381 1825 482 1883 undae
496 1831 649 1883 servatum
661 1825 803 1884 reddidit.
827 1824 944 1885 videbis
962 1826 1064 1899 por-4

56 1914 119 1966 tum
136 1905 357 1980 quietissimum
369 1906 510 1979 omnium,
532 1924 611 1982 quos
627 1916 679 1969 aut
693 1915 799 1967 natura
818 1908 922 1982 posuit
940 1907 970 1968 in
986 1916 1030 1968 tu-

55 1992 147 2050 telam
162 1991 306 2051 classium
321 1998 372 2051 aut
386 1991 502 2051 adiuvit
515 2007 632 2066 manus,
648 1991 693 2051 sic
711 1999 814 2063 tutum,
835 2000 868 2052 ut
883 2008 921 2050 ne
935 1993 1029 2051 maxi-

56 2090 171 2133 marum
188 2074 310 2149 quidem
324 2082 537 2150 tempestatum
557 2077 644 2136 locus
660 2077 752 2136 lurorl
768 2075 815 2136 sit.
843 2076 962 2136 videbis
979 2075 1031 2135 ubi

55 2158 243 2218 Athenarum
261 2159 395 2233 potentia
417 2161 520 2231 hacta,
540 2161 592 2219 ubi
611 2167 655 2221 tot
671 2160 752 2220 milia
773 2159 960 2234 captivorum
981 2159 1031 2218 ille

56 2243 170 2303 excisis
190 2244 219 2302 in
234 2242 378 2303 infinitam
401 2243 588 2304 altitudinem
610 2244 693 2304 saxis
715 2245 835 2304 nativus
858 2259 963 2304 carcer
985 2241 1030 2300 in-

56 2327 197 2397 cluserat,
219 2328 317 2402 ipsam
339 2329 489 2402 ingentem
511 2327 659 2388 civitatem
681 2335 710 2389 et
731 2328 829 2388 laxius
850 2327 1031 2387 territorium

56 2428 149 2486 quarn
164 2412 322 2472 multarum
337 2411 455 2472 urbium
471 2412 548 2471 fines
564 2419 641 2484 sunt,
657 2410 846 2486 lepidissima
859 2409 986 2470 hiberna
1002 2416 1031 2469 et

56 2496 173 2554 nullum
191 2496 271 2555 diem
292 2495 358 2554 sine
378 2495 547 2555 interventu
567 2496 653 2555 solis.
683 2494 744 2554 Sed
766 2510 834 2554 cum
855 2494 954 2553 omnia
973 2492 1064 2553 istu5

56 2580 249 2653 cognoveris,
266 2579 367 2653 gravis
388 2587 419 2640 et
432 2579 595 2639 insalubris
617 2585 717 2638 aestas
740 2579 857 2638 hiberni
879 2579 957 2638 coeli
977 2576 1028 2635 be-

56 2663 168 2722 neficia
187 2663 359 2737 corrumpit.
383 2664 439 2722 erit
458 2664 624 2742 Dionysius
646 2661 705 2721 illic
724 2670 888 2740 tyrannus,
911 2661 1030 2721 liberta·

55 2747 104 2818 tia,
130 2746 268 2818 iustitiae,
290 2748 389 2820 legum
406 2747 543 2820 exitium,
562 2747 774 2808 dominationis
790 2746 921 2820 cupidus
941 2745 1031 2805 etiam

55 2837 129 2906 post
155 2830 325 2901 Platonem,
355 2832 434 2891 vitae
463 2832 551 2891 etiam
582 2838 653 2907 post
678 2829 815 2890 exilium:
850 2831 925 2891 alios
954 2837 1031 2903 uret,

56 2915 135 2974 alios
149 2913 330 2988 verberabit,
352 2914 428 2974 alios
451 2915 490 2974 ob
504 2917 602 2974 levem
623 2914 771 2976 offensam
793 2914 965 2975 detruncari
987 2913 1026 2972 iuv

55 2998 153 3070 bebit,
176 3007 314 3059 accersat
334 2999 373 3058 ad
394 2997 547 3059 libidinem
573 3015 673 3058 mares
694 2998 884 3073 laminasque
905 3002 935 3056 et
954 2997 1032 3055 inter

57 3083 168 3142 foedos
195 3082 298 3157 regiae
320 3084 568 3158 intemperantiae
589 3098 698 3158 greges
728 3098 835 3158 parum
866 3081 923 3142 erit
942 3079 1030 3140 simul

55 3167 137 3226 binis
153 3168 244 3226 coire.
273 3167 394 3227 Audisti
417 3167 491 3242 quid
506 3174 535 3226 te
550 3168 675 3226 invitare
692 3167 798 3242 possit
821 3164 893 3239 qtrid
914 3164 1030 3224 abster-

55 3266 140 3311 rere:
162 3250 291 3326 proinde
306 3258 357 3312 aut
372 3252 484 3326 naviga
498 3259 549 3310 aut
562 3250 703 3311 resiste.“
730 3249 803 3311 Post
815 3250 894 3309 hanc
916 3250 1063 3310 denua-6

56 3333 211 3394 tiationem
226 3336 252 3395 si
268 3336 336 3411 quis
356 3335 485 3396 dixisset
497 3335 608 3394 intrare
633 3350 667 3394 se
682 3335 854 3411 Syracusas
872 3335 959 3405 velle,
981 3347 1029 3391 sa-

56 3417 136 3478 tisne
151 3419 261 3480 iustam
277 3420 430 3496 querelam
452 3421 491 3479 de
511 3421 572 3480 ullo
594 3419 652 3478 nisi
673 3420 766 3479 dese
787 3417 900 3478 habere
923 3415 1029 3492 possit,

57 3502 109 3577 qui
122 3518 182 3564 non
195 3503 354 3564 incidisset
363 3503 392 3563 in
405 3503 464 3577 illa,
485 3505 540 3564 sed
552 3503 686 3580 prudens
701 3504 864 3577 sciensque
874 3501 1031 3562 venissem
