2438 3968
128 246 168 308 18
211 245 312 307 DIAL.
328 245 364 304 ΙΙ.
386 245 439 305 ΑΙ)
459 241 642 304 SERENUM
659 242 733 302 NEC
750 242 929 304 INIURIAM
946 242 1021 304 NEC

128 396 309 457 dissuasuro
331 395 429 469 legem
446 400 518 469 toga
544 393 573 453 in
601 394 666 455 loro
689 401 773 454 esset
792 402 898 468 erepta
919 394 1071 471 quodque
1093 415 1114 459 a

128 480 236 541 rostris
251 479 406 554 usquead
421 493 524 538 arcum
535 477 700 537 Fabianum
714 493 771 552 per
783 477 949 538 seditiosae
963 478 1111 541 factionis

130 580 237 624 manus
257 563 386 624 traditus
407 576 502 622 voces
522 560 668 635 inprobas
691 568 722 621 et
741 568 832 636 sputa
853 569 884 621 et
909 560 1008 622 omnis
1030 563 1112 624 alias

130 649 256 709 insanae
269 645 468 707 multitudinis
484 643 684 705 contumelias
699 646 884 720 pertulisset.

103 735 118 786 l
192 731 227 790 ll.
255 733 330 793 Tum
352 745 409 804 ego
430 727 578 804 respondi
598 726 713 788 habere
738 736 780 799 te,
808 730 892 804 quod
918 730 1113 805 reipublicae

130 817 251 878 nomine
272 813 454 884 movereris,
476 828 565 887 quam
587 811 658 871 hinc
677 812 708 870 P.
723 812 862 888 Clodius,
882 813 953 875 binc
964 813 1113 876 Vatinius

130 917 167 960 ac
181 898 335 975 pessimus
352 895 484 972 quisque
495 895 701 956 venundabat
711 904 741 957 et
756 911 848 956 caeca
859 898 1025 972 cupiditate
1040 913 1112 958 eor-

130 983 209 1059 repti
229 997 291 1042 non
311 979 518 1054 intelligebant
536 995 572 1040 sa
592 979 663 1039 dum
684 979 834 1053 vendunt,
853 988 884 1041 et
902 982 1022 1041 venua.
1048 1003 1112 1063 pro

130 1068 200 1143 ipso
223 1066 346 1140 quidem
368 1063 481 1124 Catone
501 1078 642 1124 securum
656 1071 686 1122 te
699 1078 771 1123 esse
784 1062 871 1123 iussi.
899 1067 1014 1125 nullum
1028 1076 1113 1126 enim

131 1151 301 1226 sapientem
321 1162 378 1207 nec
393 1147 532 1207 iniuriam
546 1147 687 1221 accipere
702 1162 760 1206 nec
775 1149 986 1208 contumeliam
1001 1164 1111 1223 posse,

132 1235 276 1296 catonem
289 1239 391 1292 autem
406 1231 516 1292 certius
532 1231 687 1305 exemplar
701 1230 848 1304 sapientis
862 1231 919 1291 viri
930 1230 1019 1292 uobis
1031 1232 1114 1294 deos

132 1317 308 1379 inmortales
333 1314 459 1376 dedisse
479 1331 570 1390 qulam
590 1313 699 1375 Ulixen
722 1320 752 1374 at
771 1314 931 1375 Herculem
952 1315 1115 1391 prioribus

133 1400 255 1463 seculis.
290 1399 348 1462 hos
369 1398 449 1459 enim
476 1396 571 1459 Stoici
596 1398 693 1458 nostri
719 1397 873 1472 sapientes
894 1399 1114 1474 pronuntiave

132 1492 217 1561 runt,
231 1484 361 1546 invictos
375 1482 545 1556 laboribus,
562 1488 785 1557 contemptores
796 1483 961 1557 voluptatis
973 1489 1004 1545 et
1013 1483 1113 1544 victo-

104 1572 183 1631 tres
198 1570 332 1632 omnium
344 1575 502 1629 terrarum.
523 1566 596 1628 Cato
611 1582 671 1625 non
688 1582 756 1627 curn
772 1566 844 1626 ieris
856 1582 964 1627 manus
975 1568 1115 1642 contulit,

134 1670 211 1731 quas
233 1651 404 1715 consectari
424 1649 578 1711 venatoris
599 1649 791 1725 agrestisque
812 1656 873 1722 est,
897 1666 954 1710 nec
974 1658 1115 1712 monstra

23 1806 27 1813 ¹
134 1740 203 1813 igne
223 1751 260 1797 ac
280 1739 361 1797 tarro
383 1741 564 1810 persecutus
585 1743 711 1794 estnec
731 1734 760 1793 in
782 1750 820 1792 ea
838 1741 976 1809 tempora
995 1734 1114 1807 incidit,

136 1820 246 1896 quibus
268 1819 351 1880 credi
371 1827 480 1893 posset
495 1821 612 1878 coelum
628 1817 760 1878 humeris
772 1816 862 1877 unius
877 1818 962 1877 inniti
976 1833 1115 1879 excussu

135 1905 194 1964 iam
214 1903 338 1978 antiqua
358 1900 535 1961 credulitate
555 1908 585 1959 et
604 1902 710 1961 seculo
731 1903 771 1961 ad
792 1917 939 1961 summam
959 1901 1116 1976 perducto

136 1986 316 2049 sollertiam:
337 2000 406 2045 cum
426 1983 539 2045 ambitu
554 1999 756 2058 congressus,
778 1986 951 2045 multiformi
965 1986 1063 2060 malo,
1085 1994 1116 2046 at

136 2086 205 2132 cum
218 2069 369 2145 potentiae
380 2069 517 2129 inmensa
530 2067 701 2141 cupiditate,
714 2085 806 2143 quarn
817 2075 898 2130 totus
910 2067 993 2130 orbis
1005 2068 1037 2129 in
1049 2076 1117 2130 tres

136 2154 254 2215 divisus
269 2152 380 2215 satiare
395 2168 455 2212 nou
471 2159 602 2227 poterat,
624 2151 774 2213 adversus
791 2153 864 2212 vitia
877 2152 1006 2213 civitatis
1020 2152 1116 2228 dege·

136 2237 270 2298 nerantis
291 2245 322 2297 et
342 2248 467 2310 pessum
485 2249 545 2295 ¹sua
565 2235 644 2296 mole
664 2235 792 2296 sidentis
814 2236 896 2297 stetit
915 2237 1003 2297 solus
1018 2243 1051 2296 et
1065 2252 1117 2296 ca-
1156 2304 1160 2329 Ι

137 2324 258 2383 dentem
277 2320 510 2395 rempublicam,
534 2326 677 2394 quantum
697 2321 789 2381 modo
812 2336 874 2380 una
891 2319 1003 2381 retrahi
1023 2336 1118 2383 manu

139 2412 272 2482 poterat,
293 2404 404 2476 tenuit,
426 2405 524 2465 donec
541 2405 590 2463 vel
611 2403 756 2479 abreptus
769 2405 819 2464 vel
835 2403 1003 2464 abstractus
1018 2403 1116 2465 comi-

138 2498 198 2551 tem
219 2505 254 2549 se
274 2488 326 2549 diu
347 2486 532 2550 sustentatae
558 2487 664 2547 ruinae
684 2488 768 2550 dedit
793 2488 945 2563 simulque
964 2487 1118 2548 exstincta

139 2580 223 2647 sunt,
242 2588 321 2648 quae
335 2573 422 2632 nelas
436 2580 501 2633 erat
515 2570 617 2632 dividi.
640 2587 741 2647 neque
755 2572 835 2631 enirn
850 2571 923 2633 Cato
940 2578 1011 2647 post
1023 2570 1116 2633 liber·

110 2662 229 2719 statem
244 2657 320 2717 vixit
333 2673 390 2717 nec
411 2657 534 2717 libertas
555 2662 626 2731 post
640 2656 792 2718 Catonem.
820 2656 897 2716 Huic
918 2663 949 2717 tu
965 2663 1056 2729 putas
1071 2657 1116 2716 in·

139 2739 245 2801 iuriam
266 2740 332 2801 fieri
353 2740 491 2817 potuisse
513 2756 531 2800 a
551 2743 679 2815 populo,
705 2740 789 2815 quod
810 2747 862 2800 aut
883 2747 1055 2815 praeturam
1074 2737 1117 2800 itti

139 2823 268 2885 detraxit
281 2832 333 2886 aut
346 2831 467 2900 togam?
483 2824 566 2898 quod
580 2839 700 2884 sacrum
714 2824 787 2884 illud
802 2831 894 2899 caput
910 2824 1118 2899 purgamentis

140 2906 203 2968 oris
224 2908 395 2983 adspersit?
416 2908 509 2969 Tutus
529 2916 577 2968 cst
594 2909 718 2984 sapiens
739 2922 796 2967 nec
811 2909 873 2967 ulla
887 2904 978 2968 adfici
997 2913 1051 2967 aut
1071 2907 1117 2967 iau

142 2990 220 3052 iuria
235 2998 286 3052 aut
301 2993 481 3053 contumelia
496 3000 604 3067 potest.

114 3076 130 3131 1
225 3075 276 3135 111.
297 3074 413 3136 Videor
433 3076 505 3135 mihi
524 3076 632 3136 intueri
652 3074 785 3135 animum
804 3082 887 3136 tuum
908 3075 1068 3134 incensum
1088 3081 1120 3137 et

142 3158 401 3221 effervescentem.
430 3176 521 3234 paras
542 3160 730 3219 adclamare:
753 3160 862 3233 „Haec
877 3166 948 3218 sunt
967 3173 1048 3233 quae
1062 3172 1118 3219 au·

143 3244 310 3303 cleritatem
325 3244 495 3319 praeceptis
508 3243 618 3303 vestris
630 3242 797 3304 detrahant.
819 3258 929 3316 magna
943 3239 1120 3317 promittitis

143 3334 173 3386 et
188 3341 266 3401 quae
281 3341 320 3384 nc
331 3325 429 3402 optari
443 3327 575 3402 quidem,
590 3326 701 3386 nedum
713 3327 795 3387 credi
807 3326 936 3402 possint.
951 3323 1064 3386 deinde
1075 3326 1121 3385 in·

144 3409 245 3484 gentia
259 3410 352 3470 locuti
367 3426 436 3471 cunr
451 3426 618 3486 pauperem
630 3411 765 3486 negastis
776 3427 847 3471 esse
862 3411 1039 3485 sapientem,
1056 3424 1122 3471 non

145 3493 263 3567 negatis
285 3495 385 3555 solere
406 3495 447 3554 iili
468 3503 499 3554 et
517 3511 638 3555 servum
661 3495 721 3554 ivel
737 3493 889 3566 vestitum]
912 3501 942 3552 et
962 3498 1078 3553 tectum
1092 3500 1125 3553 ct
