2438 3968
213 250 313 309 DlAL.
327 251 363 308 V.
397 249 447 309 DE
468 250 537 310 lRA
557 250 629 309 LlB.
650 251 699 309 lli.
720 258 851 312 41—43.
964 249 1019 314 111

56 405 244 462 interventus
269 402 351 460 ienae
374 403 519 461 latronem
540 402 747 477 viatoremque
768 404 889 465 diducit.
909 407 1023 467 conlu-

57 488 130 546 ctari
144 502 211 545 cum
224 484 388 545 minoribus
401 486 486 545 mulis
502 501 562 544 non
575 493 670 558 vacat,
685 487 736 546 ubi
752 495 849 547 metus
861 489 956 550 maior
969 490 1025 550 ad-

57 571 171 647 paruit:
194 569 371 643 quidnobis
386 585 454 628 cum
468 569 660 630 dimicatione
675 578 706 630 ct
719 571 858 631 insidiis?
879 574 1024 648 numquid

57 652 187 728 amplius
202 653 252 712 isti
268 654 315 711 cui
331 653 483 723 irasceris,
507 669 598 726 quam
612 663 738 714 mortem
754 661 863 728 optas?
885 657 973 716 etiam
994 664 1024 716 te

57 738 235 813 quiescente
255 736 409 796 morietur.
433 736 536 810 perdis
549 752 677 811 operas=
698 739 799 798 lacere
813 739 859 797 vis
880 740 962 814 quod
979 742 1022 798 lu·
1098 739 1102 751 '

55 830 154 881 turum
170 827 226 879 est.
247 820 352 893 ‚‚Nolo,
369 820 480 894 inquis,
495 820 600 895 utique
615 822 764 892 occidere,
781 822 837 881 sed
851 824 952 893 exilio,
969 824 1057 883 sedi

56 904 229 980 ignominia,
252 904 307 963 sed
323 904 434 963 damno
449 904 611 963 adficere.“
644 905 742 980 Magis
763 905 890 980 ignosco
912 909 949 978 ei,
973 907 1025 982 qui

55 991 165 1048 volnus
186 987 296 1046 inimici
319 1004 409 1062 quam
427 987 478 1062 qui
493 991 633 1061 pusulam
654 991 856 1064 concupiscit:
877 991 925 1050 hic
946 993 1024 1051 enim

56 1089 115 1131 non
132 1077 243 1130 tantum
261 1072 436 1141 malionimi
456 1079 512 1142 est
534 1073 589 1130 sed
611 1074 721 1147 pusilli.
761 1073 833 1133 Sive
853 1075 892 1133 de
915 1076 1024 1135 ultimis

56 1153 218 1230 suppliciis
235 1155 350 1229 cogitas
366 1156 431 1213 sive
447 1156 485 1214 de
500 1156 680 1216 levioribus:
697 1159 874 1232 quantulum
889 1168 937 1219 est
951 1169 1024 1220 tem-

55 1241 149 1316 poris,
168 1256 229 1313 quo
252 1245 303 1298 aut
321 1240 370 1297 ille
392 1254 493 1313 poena
515 1256 572 1298 sua
592 1247 768 1314 torqueatur
788 1248 840 1301 aut
860 1249 892 1302 tu
913 1245 1023 1303 malum

55 1325 199 1400 gaudium
214 1339 252 1380 ex
264 1323 364 1382 aliena
375 1322 549 1396 percipias?
570 1324 631 1381 lam
647 1325 736 1384 istum
752 1325 888 1399 spiritum
901 1328 1023 1401 exspui-

54 1425 122 1468 mus
138 1407 264 1478 interim,
281 1407 353 1465 dum
364 1406 524 1466 trahimus.
564 1408 643 1467 llum
662 1408 741 1468 inter
754 1409 892 1469 homines
909 1415 1057 1483 sumus,5

55 1493 191 1554 colamus
206 1489 431 1562 humanitatem,
454 1506 514 1550 non
535 1491 634 1550 timori
649 1491 796 1565 cuiqnam,
812 1508 872 1552 non
889 1494 1024 1568 periculo
1042 1553 1048 1563 ,

55 1579 161 1636 simus.
191 1573 378 1645 detrimenta
400 1572 535 1646 iniurias,
558 1575 705 1647 convicia,
724 1576 929 1637 vellicationes
952 1593 1023 1637 con·

54 1668 223 1718 temnamus
245 1666 275 1716 et
294 1673 404 1732 magno
427 1657 525 1717 animo
546 1658 650 1716 brevia
671 1660 802 1720 ieramus
823 1660 1023 1722 incommoda.

55 1745 132 1803 Dum
145 1740 339 1814 respicimus,
357 1741 438 1814 quod
454 1741 544 1814 aiunt
567 1757 787 1816 versamusque
802 1760 868 1818 nos,
884 1747 1027 1806 inmorta-

56 1829 123 1886 litas
138 1824 243 1885 aderit.

445 1976 648 1985 ——

349 2140 382 2220 l.
406 2137 543 2238 ltili!
563 2137 732 2219 illiciti

214 2272 584 2370 ltilootltttltl
615 2273 782 2367 tinnit
810 2276 873 2367 vt.

438 2427 482 2475 nn
499 2426 648 2476 unncmu

382 2549 424 2613 ΒΕ
443 2547 705 2616 consultatori.

477 2691 606 2699 *-

119 2818 140 2874 l.
163 2818 227 2876 Nisi
240 2825 278 2888 te,
294 2818 416 2890 Marcia,
432 2818 541 2877 scirem
554 2826 612 2877 tam
624 2818 714 2890 longe
726 2816 764 2875 ab
777 2813 947 2875 infirmitate
961 2829 1024 2874 mu-
1040 2825 1054 2877 l

56 2900 160 2961 liebris
181 2902 271 2961 animi
293 2918 384 2976 quam
405 2918 423 2960 a
444 2901 551 2961 ceteris
571 2901 651 2960 vitiis
676 2899 847 2958 recessisse
872 2905 902 2957 et
921 2912 1023 2958 mores

55 2993 126 3046 tuos
145 2987 225 3046 velut
246 2985 369 3060 aliquod
386 2986 540 3060 antiquum
561 2985 717 3059 exemplar
737 2983 865 3057 adspici,
888 2999 948 3043 non
971 2999 1023 3041 au·

55 3071 159 3129 dorem
173 3070 292 3130 obviam
305 3070 348 3128 ire
360 3069 458 3129 dolori
469 3077 531 3142 tuo,
547 3070 594 3128 cui
606 3069 661 3127 viri
674 3083 797 3142 quoque
811 3066 940 3126 libenter
952 3065 1023 3125 hae-

55 3161 123 3212 rent
138 3160 167 3211 et
181 3154 332 3226 incubant
348 3169 404 3213 nec
420 3169 507 3228 spem
522 3152 733 3227 concepissem
753 3160 811 3210 tam
826 3150 929 3224 iniquo
949 3157 1024 3209 tom·

58 3253 143 3311 pore,
159 3245 217 3297 tam
232 3238 351 3297 inimico
367 3237 474 3310 iudice,
489 3246 548 3296 tam
563 3236 714 3296 invidioso
727 3235 850 3294 crimine
865 3250 960 3309 posse
976 3250 1024 3292 me

56 3321 189 3391 efficere,
205 3330 237 3381 ut
252 3323 402 3382 fortunam
418 3332 497 3381 tuam
512 3322 699 3380 absolveres.
728 3319 869 3379 fiduciam
885 3318 956 3377 milti
971 3319 1023 3377 dc·

56 3407 101 3467 dit
121 3410 310 3482 exploratum
331 3408 390 3467 iam
412 3406 505 3466 robur
525 3405 616 3464 animi
636 3412 667 3464 et
687 3421 796 3478 magno
817 3405 1023 3478 experimento

55 3492 227 3566 adprobata
240 3493 333 3550 virtus
346 3498 406 3550 tua.
434 3490 499 3552 Non
511 3498 558 3549 est
571 3491 714 3564 ignotum,
732 3489 852 3562 qualem
866 3496 895 3547 te
910 3487 938 3545 in
955 3501 1023 3559 peru
1038 3491 1056 3542 2
