2438 3968
81 254 135 313 AD
144 254 323 315 HELVIAM
330 255 496 316 MATREM
503 255 553 314 DE
561 252 860 314 CONSOLATIONE.
868 264 953 317 1--4.
968 254 1032 320 939

61 409 298 468 adventumeius
311 416 518 482 exspectares,
526 407 662 466 amisisti.
686 413 717 465 el
728 421 765 464 ne
778 407 1028 470 saevitiamsuom

62 494 181 552 tortura
211 491 355 554 leviorem
381 492 554 552 diducendo
582 492 710 563 laceret,
742 489 821 549 inim
843 492 1027 553 tricesimum

60 575 141 643 diem
163 575 351 635 carissimum
372 577 487 646 virum,
511 591 550 633 ex
572 589 631 648 quo
652 581 748 634 mater
761 576 850 634 trium
864 574 1027 636 liberorum

61 675 146 731 crea,
161 660 303 718 extulisti.
332 660 459 733 Lugenti
474 658 527 718 tibi
542 659 641 718 luctus
656 657 810 717 nuntiatus
826 667 874 718 est
887 661 1059 726 omnibuss

61 742 182 817 quidem
205 742 382 802 absentibus
404 742 521 812 liberis,
545 742 634 817 quasi
649 741 688 800 dc
702 740 851 801 industria
864 740 895 800 in
910 740 941 800 id
955 751 1028 803 tem-

61 843 119 901 pus
136 827 280 886 coniectis
296 826 383 886 malis
397 825 473 898 tuis,
488 832 522 885 ut
534 825 606 885 nihil
620 833 719 899 essct,
736 825 789 885 ubi
803 841 839 885 se
854 825 942 885 dolor
957 835 1028 887 tuus

59 910 228 970 reclinaret.
249 911 383 970 Transeo
400 916 444 968 tot
460 909 608 984 pericula,
622 916 667 969 tot
679 917 792 983 metus,
810 924 889 984 quos
904 910 971 969 sine
984 909 1027 968 in·
1116 955 1118 958 .

58 995 186 1054 tervallo
207 995 236 1052 in
258 1002 288 1054 te
307 995 490 1054 incursantis
505 993 669 1068 pertulisli=
685 994 776 1053 modo
792 993 883 1053 modo
900 994 929 1051 in
945 1009 1027 1053 eum·

59 1077 129 1136 dem
143 1076 253 1151 sinum,
269 1094 308 1137 ex
326 1093 388 1152 quo
404 1085 466 1136 tres
481 1085 609 1152 nepotes
622 1077 776 1150 emiseras,
791 1093 864 1138 ossa
875 1078 964 1137 trium
975 1093 1027 1138 nc-

60 1168 165 1234 potum
172 1159 325 1235 recepisti.
345 1162 426 1221 Intra
437 1161 614 1220 vicesimum
626 1161 714 1232 diem,
727 1160 919 1235 quamfilium
927 1176 1027 1222 meum

59 1246 89 1302 in
105 1245 245 1305 manibus
266 1255 296 1305 et
314 1245 343 1304 in
367 1245 480 1304 osculis
501 1243 561 1305 tuis
576 1251 727 1304 mortuum
742 1246 955 1317 luneraveras,
980 1261 1028 1303 ra-

59 1334 143 1402 ptum
159 1344 207 1387 me
222 1328 349 1388 audisti:
363 1328 426 1389 hoc
439 1329 539 1388 adhuc
555 1329 694 1388 defuerat
707 1327 760 1386 tibi
775 1328 879 1401 lugere
892 1328 991 1387 vivos.

119 1412 169 1470 lll.
195 1411 414 1472 Gravissimum
435 1420 483 1472 est
503 1429 542 1471 ex
560 1412 715 1484 omnibus,
743 1426 823 1485 quae
837 1428 982 1486 umquam
997 1412 1026 1470 in
1042 1431 1054 1480 1

58 1510 173 1569 corpus
188 1501 270 1554 tuum
288 1495 525 1566 descenderunt,
543 1510 652 1556 reeens
674 1497 800 1567 volnus,
826 1496 932 1555 fatcor.
966 1511 1026 1556 non

57 1594 206 1637 summam
225 1587 324 1638 cutem
337 1580 433 1653 rupit,
448 1587 555 1653 pectus
571 1585 602 1637 et
615 1580 734 1638 viscera
748 1579 817 1653 ipsa
831 1579 942 1638 divisit.
965 1578 1026 1638 Sed

57 1663 314 1736 quemadmodum
334 1663 448 1722 tirones
469 1661 575 1722 leviter
599 1663 694 1722 saucii
708 1670 808 1722 tamen
824 1662 1027 1722 vociferamur

56 1751 87 1802 et
104 1760 212 1804 manus
229 1746 414 1806 medicorum
430 1747 527 1820 magis
544 1762 634 1820 quam
650 1748 762 1806 ferrum
777 1746 915 1820 horrent,
930 1754 961 1805 at
976 1761 1026 1804 ve-

55 1828 168 1901 terani,
192 1828 330 1904 quamvis
347 1829 499 1902 confossi,
521 1831 670 1905 patienter
684 1847 720 1890 ac
736 1831 802 1890 sine
817 1831 930 1904 gemitu
944 1832 1029 1890 velut

57 1912 156 1970 aliena
170 1929 300 1988 corpora
315 1913 467 1973 exsaniari
482 1915 651 1988 patiuntur:
672 1915 712 1973 ita
722 1922 755 1975 tu
766 1929 847 1974 nunc
858 1915 955 1974 debes
966 1915 1026 1974 lor

55 1997 123 2054 liter
137 1997 285 2070 praebere
300 2007 329 2058 te
344 1998 501 2058 curationi.
533 1999 763 2059 lamentationes
782 1999 902 2074 quidem
919 2006 949 2058 et
964 1999 1021 2058 eiu·
1038 2018 1055 2069 l

55 2080 134 2139 latus
159 2088 188 2139 et
209 2081 282 2154 alia,
309 2098 364 2156 per
382 2097 460 2156 quae
482 2083 545 2141 lere
566 2083 701 2144 mulieris
717 2084 806 2142 dolor
820 2084 1023 2151 tumultuatur,

55 2177 173 2222 amove.
197 2165 354 2239 perdidisti
370 2165 449 2224 enim
463 2172 507 2225 tot
521 2167 614 2239 mala,
637 2167 663 2226 ai
678 2169 812 2227 nondum
828 2167 940 2224 misera
954 2179 1025 2224 esse

55 2245 197 2306 didicisti.
233 2249 351 2323 Ecquid
374 2250 481 2308 videor
502 2266 563 2309 non
578 2249 681 2309 timide
696 2257 794 2310 tecum
810 2250 933 2322 egisset
953 2246 1023 2305 nihil

53 2328 107 2386 tibi
129 2331 261 2391 subduxi
282 2348 320 2390 ex
335 2334 422 2393 malis
437 2332 511 2405 tuis,
535 2333 590 2392 sed
606 2333 707 2392 omnio
721 2339 899 2393 coacervata
914 2338 983 2390 ante
997 2338 1024 2388 te

56 2426 156 2484 postu.

117 2494 167 2555 lV.
191 2496 301 2571 Magno
317 2500 348 2558 id
364 2501 463 2560 animo
483 2501 549 2558 leci.
580 2498 722 2559 constitui
738 2501 815 2558 enim
831 2499 953 2558 vincere
970 2498 1049 2560 dol

54 2581 148 2637 iorem
160 2586 321 2652 tuum,non
334 2584 593 2644 circumscribere.
614 2583 763 2642 vincam
779 2589 910 2654 autem,
923 2590 1022 2656 puto,

55 2664 214 2736 primum
239 2665 271 2723 si
295 2668 508 2728 ostendero
535 2665 631 2726 nihil
657 2683 711 2725 me
738 2668 831 2741 pati,
864 2672 1024 2741 propter

55 2747 158 2821 quod
180 2747 265 2822 ipse
287 2750 363 2809 dici
385 2751 531 2824 possim
552 2753 684 2822 miser,
711 2752 846 2811 nedum
862 2756 1024 2825 propter

56 2831 1023 2910 quodmiserosetiamquoscontingolaciamzde-

54 2915 143 2974 inde
170 2916 203 2976 si
227 2916 272 2975 ad
298 2923 334 2976 te
359 2919 554 2979 transiero
576 2926 613 2978 et
632 2920 1023 2993 probaveronetuam

54 2997 208 3072 quidam
233 3014 387 3073 gravem
413 3017 504 3061 esse
527 3005 735 3074 fortunam,
761 3018 857 3077 quac
877 3008 958 3061 tota
980 3016 1024 3058 ax

54 3096 134 3139 mea
149 3083 302 3156 pendet.

115 3165 191 3224 Hoc
206 3166 317 3241 prius
333 3169 554 3242 adgrediar,
577 3173 658 3245 quod
674 3172 772 3244 pietas
787 3178 839 3230 tua
853 3170 958 3228 audire
972 3184 1056 3242 geo

54 3247 1023 3328 stit,nihilmihimaliesse=sipotuero,ipsasres,qui-

53 3330 111 3390 bus
120 3348 168 3391 me
179 3341 269 3406 putas
283 3336 389 3411 premi,
405 3353 465 3396 non
482 3352 552 3396 esse
564 3337 767 3397 intolerabiles
781 3337 887 3397 faciam
899 3337 1024 3395 manile-

54 3421 142 3474 stum.
176 3417 222 3474 sin
244 3418 275 3478 id
294 3421 376 3480 credi
399 3437 459 3480 non
476 3422 621 3495 potuerit:
642 3429 672 3480 at
686 3435 743 3494 ego
759 3420 830 3479 milri
845 3421 912 3494 ipse
927 3419 1024 3494 magis

53 3498 200 3573 placebo,
228 3504 310 3576 quod
334 3504 412 3565 intcr
431 3520 483 3565 eas
505 3504 684 3565 resocatus
705 3520 772 3577 aro,
800 3520 879 3579 quae
894 3504 1023 3563 miseros
