<?xml version="1.0" encoding="UTF-8"?>
<!DOCTYPE html PUBLIC "-//W3C//DTD XHTML 1.0 Transitional//EN"
    "http://www.w3.org/TR/xhtml1/DTD/xhtml1-transitional.dtd">
<html xmlns="http://www.w3.org/1999/xhtml" xml:lang="en" lang="en">
 <head>
  <title>
</title>
<meta http-equiv="Content-Type" content="text/html;charset=utf-8" />
  <meta name='ocr-system' content='tesseract 3.04.00' />
  <meta name='ocr-capabilities' content='ocr_page ocr_carea ocr_par ocr_line ocrx_word'/>
</head>
<body>
  <div class='ocr_page' id='page_1' title='image "./lannaeisenecaeo05senegoog_0295.png"; bbox 0 0 2438 3968; ppageno 0'>
   <div class='ocr_carea' id='block_1_1' title="bbox 73 257 875 343">
    <p class='ocr_par' dir='ltr' id='par_1_1' title="bbox 73 257 875 343">
     <span class='ocr_line' id='line_1_1' title="bbox 73 257 875 343; baseline 0 -29"><span class='ocrx_word' id='word_1_1' title='bbox 73 334 80 343; x_wconf 36' lang='grc'>,</span> <span class='ocrx_word' id='word_1_2' title='bbox 191 258 255 323; x_wconf 70' lang='lat' dir='ltr'>ean</span> <span class='ocrx_word' id='word_1_3' title='bbox 477 258 510 314; x_wconf 79' lang='lat' dir='ltr'>n.</span> <span class='ocrx_word' id='word_1_4' title='bbox 532 257 678 342; x_wconf 72' lang='lat' dir='ltr'>Annam</span> <span class='ocrx_word' id='word_1_5' title='bbox 700 257 875 316; x_wconf 78' lang='lat' dir='ltr'>sunnonis</span> 
     </span>
    </p>
   </div>
   <div class='ocr_carea' id='block_1_2' title="bbox 114 408 1196 3586">
    <p class='ocr_par' dir='ltr' id='par_1_2' title="bbox 191 408 1167 724">
     <span class='ocr_line' id='line_1_2' title="bbox 191 408 1167 482; baseline -0.002 -8"><span class='ocrx_word' id='word_1_6' title='bbox 191 410 342 482; x_wconf 66' lang='lat' dir='ltr'>ccnus**]</span> <span class='ocrx_word' id='word_1_7' title='bbox 358 410 571 469; x_wconf 88' lang='lat' dir='ltr'>subsiluimus:</span> <span class='ocrx_word' id='word_1_8' title='bbox 593 409 639 468; x_wconf 92' lang='lat' dir='ltr'>sic</span> <span class='ocrx_word' id='word_1_9' title='bbox 655 408 732 467; x_wconf 89' lang='lat' dir='ltr'>haec</span> <span class='ocrx_word' id='word_1_10' title='bbox 747 410 884 469; x_wconf 89' lang='lat' dir='ltr'>inmensa</span> <span class='ocrx_word' id='word_1_11' title='bbox 898 411 1062 471; x_wconf 90' lang='lat' dir='ltr'>multitudo</span> <span class='ocrx_word' id='word_1_12' title='bbox 1078 412 1167 472; x_wconf 82' lang='lat' dir='ltr'>unius</span> 
     </span>
     <span class='ocr_line' id='line_1_3' title="bbox 193 491 1167 567; baseline -0.002 -11"><span class='ocrx_word' id='word_1_13' title='bbox 193 497 312 557; x_wconf 87' lang='lat' dir='ltr'>animae</span> <span class='ocrx_word' id='word_1_14' title='bbox 324 493 510 552; x_wconf 85' lang='lat' dir='ltr'>circumdata</span> <span class='ocrx_word' id='word_1_15' title='bbox 525 493 604 551; x_wconf 91' lang='lat' dir='ltr'>illius</span> <span class='ocrx_word' id='word_1_16' title='bbox 618 491 728 567; x_wconf 87' lang='lat' dir='ltr'>spiritu</span> <span class='ocrx_word' id='word_1_17' title='bbox 738 492 867 567; x_wconf 89' lang='lat' dir='ltr'>regitur,</span> <span class='ocrx_word' id='word_1_18' title='bbox 887 493 969 554; x_wconf 90' lang='lat' dir='ltr'>illius</span> <span class='ocrx_word' id='word_1_19' title='bbox 982 495 1103 556; x_wconf 89' lang='lat' dir='ltr'>ratione</span> <span class='ocrx_word' id='word_1_20' title='bbox 1114 494 1167 554; x_wconf 83' lang='lat' dir='ltr'>lle</span> 
     </span>
     <span class='ocr_line' id='line_1_4' title="bbox 193 575 1166 652; baseline -0.003 -11"><span class='ocrx_word' id='word_1_21' title='bbox 193 580 283 641; x_wconf 86' lang='lat' dir='ltr'>ctitur</span> <span class='ocrx_word' id='word_1_22' title='bbox 304 593 450 652; x_wconf 87' lang='lat' dir='ltr'>pressura</span> <span class='ocrx_word' id='word_1_23' title='bbox 471 593 506 635; x_wconf 92' lang='lat' dir='ltr'>se</span> <span class='ocrx_word' id='word_1_24' title='bbox 525 592 562 634; x_wconf 89' lang='lat' dir='ltr'>ac</span> <span class='ocrx_word' id='word_1_25' title='bbox 582 578 712 636; x_wconf 82' lang='lat' dir='ltr'>fractura</span> <span class='ocrx_word' id='word_1_26' title='bbox 727 575 842 636; x_wconf 71' lang='lat' dir='ltr'>uiribus</span> <span class='ocrx_word' id='word_1_27' title='bbox 857 576 938 651; x_wconf 78' lang='lat' dir='ltr'>suIS,</span> <span class='ocrx_word' id='word_1_28' title='bbox 961 578 1024 638; x_wconf 90' lang='lat' dir='ltr'>nisi</span> <span class='ocrx_word' id='word_1_29' title='bbox 1039 579 1166 639; x_wconf 88' lang='lat' dir='ltr'>consilio</span> 
     </span>
     <span class='ocr_line' id='line_1_5' title="bbox 193 663 402 724; baseline -0.024 0"><span class='ocrx_word' id='word_1_30' title='bbox 193 663 402 724; x_wconf 74' lang='lat' dir='ltr'><strong>sustineretur.</strong></span> 
     </span>
    </p>

    <p class='ocr_par' dir='ltr' id='par_1_3' title="bbox 167 741 1166 1321">
     <span class='ocr_line' id='line_1_6' title="bbox 167 741 1164 820; baseline 0.001 -16"><span class='ocrx_word' id='word_1_31' title='bbox 167 757 182 810; x_wconf 84' lang='lat'><em>1</em></span> <span class='ocrx_word' id='word_1_32' title='bbox 256 747 307 804; x_wconf 87' lang='lat' dir='ltr'>lV.</span> <span class='ocrx_word' id='word_1_33' title='bbox 331 743 425 805; x_wconf 88' lang='lat' dir='ltr'>Suam</span> <span class='ocrx_word' id='word_1_34' title='bbox 437 743 541 818; x_wconf 92' lang='lat' dir='ltr'>itaque</span> <span class='ocrx_word' id='word_1_35' title='bbox 556 741 792 803; x_wconf 79' lang='lat' dir='ltr'>incolumitatem</span> <span class='ocrx_word' id='word_1_36' title='bbox 806 752 922 817; x_wconf 87' lang='lat' dir='ltr'>amant,</span> <span class='ocrx_word' id='word_1_37' title='bbox 943 761 1016 805; x_wconf 90' lang='lat' dir='ltr'>cum</span> <span class='ocrx_word' id='word_1_38' title='bbox 1034 762 1090 820; x_wconf 91' lang='lat' dir='ltr'>pro</span> <span class='ocrx_word' id='word_1_39' title='bbox 1107 762 1164 806; x_wconf 89' lang='lat' dir='ltr'>unc</span> 
     </span>
     <span class='ocr_line' id='line_1_7' title="bbox 193 825 1164 905; baseline -0.005 -12"><span class='ocrx_word' id='word_1_40' title='bbox 193 830 317 892; x_wconf 91' lang='lat' dir='ltr'>homine</span> <span class='ocrx_word' id='word_1_41' title='bbox 340 829 436 887; x_wconf 87' lang='lat' dir='ltr'>denas</span> <span class='ocrx_word' id='word_1_42' title='bbox 457 826 595 902; x_wconf 75' lang='lat' dir='ltr'><strong>legiones</strong></span> <span class='ocrx_word' id='word_1_43' title='bbox 616 828 647 886; x_wconf 90' lang='lat' dir='ltr'>in</span> <span class='ocrx_word' id='word_1_44' title='bbox 669 825 766 887; x_wconf 82' lang='lat' dir='ltr'><strong>aciem</strong></span> <span class='ocrx_word' id='word_1_45' title='bbox 780 826 950 902; x_wconf 88' lang='lat' dir='ltr'>deducunt,</span> <span class='ocrx_word' id='word_1_46' title='bbox 973 845 1046 889; x_wconf 89' lang='lat' dir='ltr'>cum</span> <span class='ocrx_word' id='word_1_47' title='bbox 1060 830 1092 888; x_wconf 91' lang='lat' dir='ltr'>in</span> <span class='ocrx_word' id='word_1_48' title='bbox 1108 830 1164 905; x_wconf 91' lang='lat' dir='ltr'>pri-</span> 
     </span>
     <span class='ocr_line' id='line_1_8' title="bbox 193 910 1166 988; baseline -0.001 -14"><span class='ocrx_word' id='word_1_49' title='bbox 193 931 273 974; x_wconf 88' lang='lat' dir='ltr'>mam</span> <span class='ocrx_word' id='word_1_50' title='bbox 295 914 423 972; x_wconf 82' lang='lat' dir='ltr'>frontem</span> <span class='ocrx_word' id='word_1_51' title='bbox 444 918 625 987; x_wconf 87' lang='lat' dir='ltr'>procurrunt</span> <span class='ocrx_word' id='word_1_52' title='bbox 645 916 676 971; x_wconf 90' lang='lat' dir='ltr'>et</span> <span class='ocrx_word' id='word_1_53' title='bbox 694 910 827 970; x_wconf 90' lang='lat' dir='ltr'>adversa</span> <span class='ocrx_word' id='word_1_54' title='bbox 844 912 1026 974; x_wconf 88' lang='lat' dir='ltr'>volneribus</span> <span class='ocrx_word' id='word_1_55' title='bbox 1040 920 1166 988; x_wconf 78' lang='lat' dir='ltr'>pectora</span> 
     </span>
     <span class='ocr_line' id='line_1_9' title="bbox 194 993 1164 1070; baseline -0.002 -12"><span class='ocrx_word' id='word_1_56' title='bbox 194 1000 309 1067; x_wconf 83' lang='lat' dir='ltr'>ierunt,</span> <span class='ocrx_word' id='word_1_57' title='bbox 327 1012 367 1055; x_wconf 92' lang='lat' dir='ltr'>ne</span> <span class='ocrx_word' id='word_1_58' title='bbox 380 995 571 1070; x_wconf 89' lang='lat' dir='ltr'>imperatoris</span> <span class='ocrx_word' id='word_1_59' title='bbox 582 993 631 1054; x_wconf 92' lang='lat' dir='ltr'>sui</span> <span class='ocrx_word' id='word_1_60' title='bbox 640 994 729 1069; x_wconf 90' lang='lat' dir='ltr'>signa</span> <span class='ocrx_word' id='word_1_61' title='bbox 741 999 903 1055; x_wconf 80' lang='lat' dir='ltr'>vertantur.</span> <span class='ocrx_word' id='word_1_62' title='bbox 935 996 990 1055; x_wconf 90' lang='lat' dir='ltr'>llle</span> <span class='ocrx_word' id='word_1_63' title='bbox 1002 1002 1052 1056; x_wconf 89' lang='lat' dir='ltr'>est</span> <span class='ocrx_word' id='word_1_64' title='bbox 1063 998 1164 1070; x_wconf 88' lang='lat' dir='ltr'>[enim]</span> 
     </span>
     <span class='ocr_line' id='line_1_10' title="bbox 194 1077 1164 1155; baseline -0.003 -14"><span class='ocrx_word' id='word_1_65' title='bbox 194 1082 363 1151; x_wconf 88' lang='lat' dir='ltr'>vinculum,</span> <span class='ocrx_word' id='word_1_66' title='bbox 388 1095 441 1154; x_wconf 87' lang='lat' dir='ltr'>per</span> <span class='ocrx_word' id='word_1_67' title='bbox 458 1079 541 1153; x_wconf 87' lang='lat' dir='ltr'>quod</span> <span class='ocrx_word' id='word_1_68' title='bbox 557 1078 730 1153; x_wconf 79' lang='lat' dir='ltr'><strong>respublica</strong></span> <span class='ocrx_word' id='word_1_69' title='bbox 745 1077 902 1151; x_wconf 81' lang='lat' dir='ltr'>cohaeret,</span> <span class='ocrx_word' id='word_1_70' title='bbox 921 1080 971 1139; x_wconf 91' lang='lat' dir='ltr'>ille</span> <span class='ocrx_word' id='word_1_71' title='bbox 983 1078 1114 1155; x_wconf 87' lang='lat' dir='ltr'>spiritus</span> <span class='ocrx_word' id='word_1_72' title='bbox 1126 1082 1164 1139; x_wconf 86' lang='lat' dir='ltr'>vi-</span> 
     </span>
     <span class='ocr_line' id='line_1_11' title="bbox 195 1161 1164 1239; baseline -0.001 -14"><span class='ocrx_word' id='word_1_73' title='bbox 195 1166 278 1238; x_wconf 88' lang='lat' dir='ltr'>talis,</span> <span class='ocrx_word' id='word_1_74' title='bbox 300 1179 389 1238; x_wconf 89' lang='lat' dir='ltr'>quem</span> <span class='ocrx_word' id='word_1_75' title='bbox 409 1162 486 1222; x_wconf 90' lang='lat' dir='ltr'>baec</span> <span class='ocrx_word' id='word_1_76' title='bbox 506 1170 551 1223; x_wconf 88' lang='lat' dir='ltr'>tot</span> <span class='ocrx_word' id='word_1_77' title='bbox 570 1162 652 1221; x_wconf 91' lang='lat' dir='ltr'>milia</span> <span class='ocrx_word' id='word_1_78' title='bbox 671 1161 806 1233; x_wconf 89' lang='lat' dir='ltr'>trahunt,</span> <span class='ocrx_word' id='word_1_79' title='bbox 827 1162 900 1221; x_wconf 91' lang='lat' dir='ltr'>nibil</span> <span class='ocrx_word' id='word_1_80' title='bbox 913 1161 985 1238; x_wconf 91' lang='lat' dir='ltr'>ipsa</span> <span class='ocrx_word' id='word_1_81' title='bbox 1000 1180 1058 1239; x_wconf 88' lang='lat' dir='ltr'>per</span> <span class='ocrx_word' id='word_1_82' title='bbox 1072 1181 1109 1225; x_wconf 89' lang='lat' dir='ltr'>se</span> <span class='ocrx_word' id='word_1_83' title='bbox 1124 1166 1164 1224; x_wconf 88' lang='lat' dir='ltr'>lu·</span> 
     </span>
     <span class='ocr_line' id='line_1_12' title="bbox 196 1244 1165 1321; baseline -0.005 -10"><span class='ocrx_word' id='word_1_84' title='bbox 196 1258 262 1311; x_wconf 87' lang='lat' dir='ltr'>tura</span> <span class='ocrx_word' id='word_1_85' title='bbox 277 1249 334 1308; x_wconf 89' lang='lat' dir='ltr'>nisi</span> <span class='ocrx_word' id='word_1_86' title='bbox 349 1263 427 1308; x_wconf 90' lang='lat' dir='ltr'>onus</span> <span class='ocrx_word' id='word_1_87' title='bbox 442 1254 472 1306; x_wconf 90' lang='lat' dir='ltr'>et</span> <span class='ocrx_word' id='word_1_88' title='bbox 487 1247 614 1321; x_wconf 86' lang='lat' dir='ltr'>praeda,</span> <span class='ocrx_word' id='word_1_89' title='bbox 629 1247 656 1305; x_wconf 91' lang='lat' dir='ltr'>si</span> <span class='ocrx_word' id='word_1_90' title='bbox 670 1261 757 1305; x_wconf 89' lang='lat' dir='ltr'>mens</span> <span class='ocrx_word' id='word_1_91' title='bbox 768 1244 819 1304; x_wconf 90' lang='lat' dir='ltr'>illa</span> <span class='ocrx_word' id='word_1_92' title='bbox 831 1245 947 1320; x_wconf 88' lang='lat' dir='ltr'>imperii</span> <span class='ocrx_word' id='word_1_93' title='bbox 959 1247 1165 1309; x_wconf 91' lang='lat' dir='ltr'>subtrabatur.</span> 
     </span>
    </p>

    <p class='ocr_par' dir='ltr' id='par_1_4' title="bbox 161 1331 961 1406">
     <span class='ocr_line' id='line_1_13' title="bbox 161 1331 961 1406; baseline -0.005 -12"><span class='ocrx_word' id='word_1_94' title='bbox 161 1341 179 1394; x_wconf 76' lang='lat'><em>2</em></span> <span class='ocrx_word' id='word_1_95' title='bbox 395 1331 477 1406; x_wconf 71' lang='lat' dir='ltr'>Repe</span> <span class='ocrx_word' id='word_1_96' title='bbox 490 1334 629 1391; x_wconf 73' lang='lat' dir='ltr'>imolami</span> <span class='ocrx_word' id='word_1_97' title='bbox 640 1346 722 1390; x_wconf 81' lang='lat' dir='ltr'>mens</span> <span class='ocrx_word' id='word_1_98' title='bbox 736 1331 868 1390; x_wconf 80' lang='lat' dir='ltr'>comibus</span> <span class='ocrx_word' id='word_1_99' title='bbox 882 1347 961 1390; x_wconf 77' lang='lat' dir='ltr'>aaa:</span> 
     </span>
    </p>

    <p class='ocr_par' dir='ltr' id='par_1_5' title="bbox 163 1416 1166 2663">
     <span class='ocr_line' id='line_1_14' title="bbox 277 1416 615 1489; baseline -0.009 -14"><span class='ocrx_word' id='word_1_100' title='bbox 277 1419 384 1476; x_wconf 63' lang='lat' dir='ltr'>omaso</span> <span class='ocrx_word' id='word_1_101' title='bbox 397 1416 615 1489; x_wconf 73' lang='lat' dir='ltr'>ruperefidem.</span> 
     </span>
     <span class='ocr_line' id='line_1_15' title="bbox 193 1496 1166 1573; baseline 0 -12"><span class='ocrx_word' id='word_1_102' title='bbox 193 1500 250 1561; x_wconf 90' lang='lat' dir='ltr'>Hic</span> <span class='ocrx_word' id='word_1_103' title='bbox 265 1515 357 1560; x_wconf 89' lang='lat' dir='ltr'>casus</span> <span class='ocrx_word' id='word_1_104' title='bbox 372 1500 528 1558; x_wconf 80' lang='lat' dir='ltr'>Romanae</span> <span class='ocrx_word' id='word_1_105' title='bbox 544 1498 629 1573; x_wconf 89' lang='lat' dir='ltr'>pacis</span> <span class='ocrx_word' id='word_1_106' title='bbox 645 1496 769 1558; x_wconf 84' lang='lat' dir='ltr'>exitium</span> <span class='ocrx_word' id='word_1_107' title='bbox 781 1498 851 1571; x_wconf 87' lang='lat' dir='ltr'>erit,</span> <span class='ocrx_word' id='word_1_108' title='bbox 866 1497 915 1557; x_wconf 90' lang='lat' dir='ltr'>hic</span> <span class='ocrx_word' id='word_1_109' title='bbox 927 1497 1002 1560; x_wconf 88' lang='lat' dir='ltr'>tanti</span> <span class='ocrx_word' id='word_1_110' title='bbox 1015 1501 1166 1561; x_wconf 77' lang='lat' dir='ltr'>fortunam</span> 
     </span>
     <span class='ocr_line' id='line_1_16' title="bbox 196 1580 1166 1660; baseline -0.001 -15"><span class='ocrx_word' id='word_1_111' title='bbox 196 1585 301 1660; x_wconf 91' lang='lat' dir='ltr'>populi</span> <span class='ocrx_word' id='word_1_112' title='bbox 323 1583 353 1643; x_wconf 90' lang='lat' dir='ltr'>in</span> <span class='ocrx_word' id='word_1_113' title='bbox 368 1583 472 1643; x_wconf 89' lang='lat' dir='ltr'>ruinas</span> <span class='ocrx_word' id='word_1_114' title='bbox 489 1591 566 1656; x_wconf 87' lang='lat' dir='ltr'>aget.</span> <span class='ocrx_word' id='word_1_115' title='bbox 593 1582 709 1642; x_wconf 90' lang='lat' dir='ltr'>tamdiu</span> <span class='ocrx_word' id='word_1_116' title='bbox 722 1581 760 1641; x_wconf 89' lang='lat' dir='ltr'>ab</span> <span class='ocrx_word' id='word_1_117' title='bbox 775 1580 835 1643; x_wconf 90' lang='lat' dir='ltr'>isto</span> <span class='ocrx_word' id='word_1_118' title='bbox 853 1583 988 1656; x_wconf 90' lang='lat' dir='ltr'>periculo</span> <span class='ocrx_word' id='word_1_119' title='bbox 1004 1582 1106 1644; x_wconf 87' lang='lat' dir='ltr'>aberit</span> <span class='ocrx_word' id='word_1_120' title='bbox 1120 1584 1166 1644; x_wconf 92' lang='lat' dir='ltr'>bic</span> 
     </span>
     <span class='ocr_line' id='line_1_17' title="bbox 196 1665 1165 1744; baseline 0 -15"><span class='ocrx_word' id='word_1_121' title='bbox 196 1668 343 1744; x_wconf 89' lang='lat' dir='ltr'>populus,</span> <span class='ocrx_word' id='word_1_122' title='bbox 371 1665 517 1743; x_wconf 88' lang='lat' dir='ltr'>quamdiu</span> <span class='ocrx_word' id='word_1_123' title='bbox 537 1665 613 1726; x_wconf 88' lang='lat' dir='ltr'>sciet</span> <span class='ocrx_word' id='word_1_124' title='bbox 635 1667 715 1725; x_wconf 83' lang='lat' dir='ltr'>ferre</span> <span class='ocrx_word' id='word_1_125' title='bbox 737 1665 855 1740; x_wconf 90' lang='lat' dir='ltr'>irenos,</span> <span class='ocrx_word' id='word_1_126' title='bbox 886 1682 965 1741; x_wconf 88' lang='lat' dir='ltr'>quos</span> <span class='ocrx_word' id='word_1_127' title='bbox 987 1665 1017 1726; x_wconf 91' lang='lat' dir='ltr'>si</span> <span class='ocrx_word' id='word_1_128' title='bbox 1041 1669 1165 1742; x_wconf 88' lang='lat' dir='ltr'>quando</span> 
     </span>
     <span class='ocr_line' id='line_1_18' title="bbox 194 1749 1165 1827; baseline 0.003 -17"><span class='ocrx_word' id='word_1_129' title='bbox 194 1752 351 1825; x_wconf 80' lang='lat' dir='ltr'>abruperit</span> <span class='ocrx_word' id='word_1_130' title='bbox 370 1753 418 1811; x_wconf 91' lang='lat' dir='ltr'>vel</span> <span class='ocrx_word' id='word_1_131' title='bbox 438 1750 541 1825; x_wconf 88' lang='lat' dir='ltr'>aliquo</span> <span class='ocrx_word' id='word_1_132' title='bbox 564 1766 639 1810; x_wconf 88' lang='lat' dir='ltr'>casu</span> <span class='ocrx_word' id='word_1_133' title='bbox 659 1751 819 1811; x_wconf 89' lang='lat' dir='ltr'>discussos</span> <span class='ocrx_word' id='word_1_134' title='bbox 839 1750 948 1825; x_wconf 91' lang='lat' dir='ltr'>reponi</span> <span class='ocrx_word' id='word_1_135' title='bbox 968 1749 1032 1810; x_wconf 92' lang='lat' dir='ltr'>sibi</span> <span class='ocrx_word' id='word_1_136' title='bbox 1051 1768 1165 1827; x_wconf 90' lang='lat' dir='ltr'>passus</span> 
     </span>
     <span class='ocr_line' id='line_1_19' title="bbox 195 1833 1165 1909; baseline 0.001 -16"><span class='ocrx_word' id='word_1_137' title='bbox 195 1851 255 1895; x_wconf 91' lang='lat' dir='ltr'>non</span> <span class='ocrx_word' id='word_1_138' title='bbox 279 1834 347 1907; x_wconf 86' lang='lat' dir='ltr'>erit,</span> <span class='ocrx_word' id='word_1_139' title='bbox 369 1834 446 1893; x_wconf 89' lang='lat' dir='ltr'>haec</span> <span class='ocrx_word' id='word_1_140' title='bbox 466 1834 566 1894; x_wconf 88' lang='lat' dir='ltr'>unitas</span> <span class='ocrx_word' id='word_1_141' title='bbox 582 1841 612 1894; x_wconf 92' lang='lat' dir='ltr'>et</span> <span class='ocrx_word' id='word_1_142' title='bbox 625 1833 674 1893; x_wconf 90' lang='lat' dir='ltr'>bic</span> <span class='ocrx_word' id='word_1_143' title='bbox 688 1834 810 1892; x_wconf 87' lang='lat' dir='ltr'>maximi</span> <span class='ocrx_word' id='word_1_144' title='bbox 824 1833 942 1909; x_wconf 91' lang='lat' dir='ltr'>imperii</span> <span class='ocrx_word' id='word_1_145' title='bbox 958 1841 1125 1897; x_wconf 89' lang='lat' dir='ltr'>contextus</span> <span class='ocrx_word' id='word_1_146' title='bbox 1138 1837 1165 1894; x_wconf 90' lang='lat' dir='ltr'>in</span> 
     </span>
     <span class='ocr_line' id='line_1_20' title="bbox 194 1915 1165 1993; baseline 0.002 -16"><span class='ocrx_word' id='word_1_147' title='bbox 194 1925 297 1993; x_wconf 90' lang='lat' dir='ltr'>partes</span> <span class='ocrx_word' id='word_1_148' title='bbox 312 1919 421 1977; x_wconf 87' lang='lat' dir='ltr'>multas</span> <span class='ocrx_word' id='word_1_149' title='bbox 433 1917 576 1991; x_wconf 87' lang='lat' dir='ltr'>dissiliet,</span> <span class='ocrx_word' id='word_1_150' title='bbox 590 1919 733 1992; x_wconf 88' lang='lat' dir='ltr'>idemque</span> <span class='ocrx_word' id='word_1_151' title='bbox 744 1917 814 1977; x_wconf 92' lang='lat' dir='ltr'>huic</span> <span class='ocrx_word' id='word_1_152' title='bbox 826 1915 895 1978; x_wconf 89' lang='lat' dir='ltr'>urbi</span> <span class='ocrx_word' id='word_1_153' title='bbox 906 1917 1088 1979; x_wconf 89' lang='lat' dir='ltr'>dominandi</span> <span class='ocrx_word' id='word_1_154' title='bbox 1098 1920 1165 1980; x_wconf 87' lang='lat' dir='ltr'>finis</span> 
     </span>
     <span class='ocr_line' id='line_1_21' title="bbox 163 1999 1164 2079; baseline 0 -16"><span class='ocrx_word' id='word_1_155' title='bbox 163 2002 263 2074; x_wconf 68' lang='lat' dir='ltr'>berit,</span> <span class='ocrx_word' id='word_1_156' title='bbox 279 1999 331 2076; x_wconf 90' lang='lat' dir='ltr'>qui</span> <span class='ocrx_word' id='word_1_157' title='bbox 348 2000 474 2075; x_wconf 83' lang='lat' dir='ltr'>parendi</span> <span class='ocrx_word' id='word_1_158' title='bbox 490 2002 587 2063; x_wconf 89' lang='lat' dir='ltr'>luerit.</span> <span class='ocrx_word' id='word_1_159' title='bbox 622 2002 696 2061; x_wconf 91' lang='lat' dir='ltr'>Ideo</span> <span class='ocrx_word' id='word_1_160' title='bbox 709 2001 862 2076; x_wconf 84' lang='lat' dir='ltr'>principes</span> <span class='ocrx_word' id='word_1_161' title='bbox 877 2016 1033 2076; x_wconf 81' lang='lat' dir='ltr'>regesque</span> <span class='ocrx_word' id='word_1_162' title='bbox 1044 2013 1077 2063; x_wconf 84' lang='lat' dir='ltr'>at</span> <span class='ocrx_word' id='word_1_163' title='bbox 1092 2020 1164 2079; x_wconf 83' lang='lat' dir='ltr'>quo</span> 
     </span>
     <span class='ocr_line' id='line_1_22' title="bbox 195 2083 1164 2160; baseline 0.001 -14"><span class='ocrx_word' id='word_1_164' title='bbox 195 2100 326 2160; x_wconf 89' lang='lat' dir='ltr'>cumque</span> <span class='ocrx_word' id='word_1_165' title='bbox 346 2083 405 2143; x_wconf 89' lang='lat' dir='ltr'>alio</span> <span class='ocrx_word' id='word_1_166' title='bbox 425 2084 546 2144; x_wconf 88' lang='lat' dir='ltr'>nornine</span> <span class='ocrx_word' id='word_1_167' title='bbox 567 2090 638 2144; x_wconf 86' lang='lat' dir='ltr'>sunt</span> <span class='ocrx_word' id='word_1_168' title='bbox 657 2091 773 2147; x_wconf 87' lang='lat' dir='ltr'>tutores</span> <span class='ocrx_word' id='word_1_169' title='bbox 794 2092 889 2145; x_wconf 86' lang='lat' dir='ltr'>status</span> <span class='ocrx_word' id='word_1_170' title='bbox 912 2084 1027 2160; x_wconf 90' lang='lat' dir='ltr'>publici</span> <span class='ocrx_word' id='word_1_171' title='bbox 1041 2103 1106 2147; x_wconf 91' lang='lat' dir='ltr'>uon</span> <span class='ocrx_word' id='word_1_172' title='bbox 1121 2093 1164 2147; x_wconf 92' lang='lat' dir='ltr'>est</span> 
     </span>
     <span class='ocr_line' id='line_1_23' title="bbox 194 2167 1164 2243; baseline 0 -13"><span class='ocrx_word' id='word_1_173' title='bbox 194 2171 302 2230; x_wconf 89' lang='lat' dir='ltr'>mirum</span> <span class='ocrx_word' id='word_1_174' title='bbox 317 2167 411 2228; x_wconf 89' lang='lat' dir='ltr'>amari</span> <span class='ocrx_word' id='word_1_175' title='bbox 426 2170 502 2228; x_wconf 91' lang='lat' dir='ltr'>ultra</span> <span class='ocrx_word' id='word_1_176' title='bbox 520 2167 653 2243; x_wconf 88' lang='lat' dir='ltr'>privatas</span> <span class='ocrx_word' id='word_1_177' title='bbox 667 2169 757 2229; x_wconf 89' lang='lat' dir='ltr'>etiam</span> <span class='ocrx_word' id='word_1_178' title='bbox 775 2168 1030 2229; x_wconf 89' lang='lat' dir='ltr'>necessitudines.</span> <span class='ocrx_word' id='word_1_179' title='bbox 1052 2187 1126 2230; x_wconf 90' lang='lat' dir='ltr'>nam</span> <span class='ocrx_word' id='word_1_180' title='bbox 1139 2170 1164 2230; x_wconf 90' lang='lat' dir='ltr'>si</span> 
     </span>
     <span class='ocr_line' id='line_1_24' title="bbox 194 2249 1163 2328; baseline -0.001 -13"><span class='ocrx_word' id='word_1_181' title='bbox 194 2254 278 2315; x_wconf 86' lang='lat' dir='ltr'>sanis</span> <span class='ocrx_word' id='word_1_182' title='bbox 298 2250 470 2314; x_wconf 89' lang='lat' dir='ltr'>hominibus</span> <span class='ocrx_word' id='word_1_183' title='bbox 493 2249 613 2327; x_wconf 87' lang='lat' dir='ltr'>publica</span> <span class='ocrx_word' id='word_1_184' title='bbox 633 2252 759 2327; x_wconf 87' lang='lat' dir='ltr'>privatis</span> <span class='ocrx_word' id='word_1_185' title='bbox 774 2253 893 2328; x_wconf 90' lang='lat' dir='ltr'>potiora</span> <span class='ocrx_word' id='word_1_186' title='bbox 907 2259 992 2326; x_wconf 88' lang='lat' dir='ltr'>sunt,</span> <span class='ocrx_word' id='word_1_187' title='bbox 1015 2253 1163 2328; x_wconf 86' lang='lat' dir='ltr'>sequitur,</span> 
     </span>
     <span class='ocr_line' id='line_1_25' title="bbox 193 2335 1163 2412; baseline -0.004 -12"><span class='ocrx_word' id='word_1_188' title='bbox 193 2346 228 2400; x_wconf 94' lang='lat' dir='ltr'>ut</span> <span class='ocrx_word' id='word_1_189' title='bbox 241 2339 267 2397; x_wconf 94' lang='lat' dir='ltr'>is</span> <span class='ocrx_word' id='word_1_190' title='bbox 285 2351 409 2412; x_wconf 86' lang='lat' dir='ltr'>quoquc</span> <span class='ocrx_word' id='word_1_191' title='bbox 423 2336 523 2397; x_wconf 88' lang='lat' dir='ltr'>carior</span> <span class='ocrx_word' id='word_1_192' title='bbox 536 2337 588 2411; x_wconf 87' lang='lat' dir='ltr'>sil,</span> <span class='ocrx_word' id='word_1_193' title='bbox 612 2336 641 2395; x_wconf 90' lang='lat' dir='ltr'>in</span> <span class='ocrx_word' id='word_1_194' title='bbox 658 2352 746 2410; x_wconf 84' lang='lat' dir='ltr'>quem</span> <span class='ocrx_word' id='word_1_195' title='bbox 762 2353 796 2396; x_wconf 91' lang='lat' dir='ltr'>se</span> <span class='ocrx_word' id='word_1_196' title='bbox 810 2335 985 2411; x_wconf 87' lang='lat' dir='ltr'>respublica</span> <span class='ocrx_word' id='word_1_197' title='bbox 997 2337 1163 2398; x_wconf 83' lang='lat' dir='ltr'>convertit:</span> 
     </span>
     <span class='ocr_line' id='line_1_26' title="bbox 195 2419 1163 2494; baseline -0.001 -12"><span class='ocrx_word' id='word_1_198' title='bbox 195 2425 266 2483; x_wconf 88' lang='lat' dir='ltr'>olim</span> <span class='ocrx_word' id='word_1_199' title='bbox 288 2421 366 2481; x_wconf 87' lang='lat' dir='ltr'>enirn</span> <span class='ocrx_word' id='word_1_200' title='bbox 386 2421 428 2480; x_wconf 84' lang='lat' dir='ltr'>ita</span> <span class='ocrx_word' id='word_1_201' title='bbox 443 2436 478 2480; x_wconf 93' lang='lat' dir='ltr'>se</span> <span class='ocrx_word' id='word_1_202' title='bbox 492 2421 588 2481; x_wconf 91' lang='lat' dir='ltr'>induit</span> <span class='ocrx_word' id='word_1_203' title='bbox 600 2420 787 2494; x_wconf 90' lang='lat' dir='ltr'>reipublicae</span> <span class='ocrx_word' id='word_1_204' title='bbox 802 2419 929 2494; x_wconf 81' lang='lat' dir='ltr'>Caesar,</span> <span class='ocrx_word' id='word_1_205' title='bbox 950 2427 983 2480; x_wconf 91' lang='lat' dir='ltr'>ut</span> <span class='ocrx_word' id='word_1_206' title='bbox 997 2421 1109 2481; x_wconf 90' lang='lat' dir='ltr'>seduci</span> <span class='ocrx_word' id='word_1_207' title='bbox 1124 2423 1163 2480; x_wconf 88' lang='lat' dir='ltr'>al·</span> 
     </span>
     <span class='ocr_line' id='line_1_27' title="bbox 195 2503 1162 2579; baseline -0.004 -12"><span class='ocrx_word' id='word_1_208' title='bbox 195 2514 292 2568; x_wconf 90' lang='lat' dir='ltr'>terum</span> <span class='ocrx_word' id='word_1_209' title='bbox 305 2520 367 2564; x_wconf 89' lang='lat' dir='ltr'>non</span> <span class='ocrx_word' id='word_1_210' title='bbox 383 2506 482 2579; x_wconf 89' lang='lat' dir='ltr'>possit</span> <span class='ocrx_word' id='word_1_211' title='bbox 495 2506 562 2565; x_wconf 90' lang='lat' dir='ltr'>sine</span> <span class='ocrx_word' id='word_1_212' title='bbox 576 2503 734 2578; x_wconf 87' lang='lat' dir='ltr'>utriusque</span> <span class='ocrx_word' id='word_1_213' title='bbox 748 2503 891 2579; x_wconf 89' lang='lat' dir='ltr'>pernicie.</span> <span class='ocrx_word' id='word_1_214' title='bbox 914 2519 982 2562; x_wconf 90' lang='lat' dir='ltr'>nam</span> <span class='ocrx_word' id='word_1_215' title='bbox 994 2510 1029 2564; x_wconf 88' lang='lat' dir='ltr'>ut</span> <span class='ocrx_word' id='word_1_216' title='bbox 1038 2504 1082 2563; x_wconf 94' lang='lat' dir='ltr'>illi</span> <span class='ocrx_word' id='word_1_217' title='bbox 1096 2504 1162 2564; x_wconf 88' lang='lat' dir='ltr'>viri·</span> 
     </span>
     <span class='ocr_line' id='line_1_28' title="bbox 194 2586 1150 2663; baseline -0.006 -14"><span class='ocrx_word' id='word_1_218' title='bbox 194 2589 253 2650; x_wconf 93' lang='lat' dir='ltr'>bus</span> <span class='ocrx_word' id='word_1_219' title='bbox 269 2605 348 2663; x_wconf 90' lang='lat' dir='ltr'>opus</span> <span class='ocrx_word' id='word_1_220' title='bbox 363 2597 424 2659; x_wconf 92' lang='lat' dir='ltr'>est,</span> <span class='ocrx_word' id='word_1_221' title='bbox 447 2589 487 2648; x_wconf 85' lang='lat' dir='ltr'>ita</span> <span class='ocrx_word' id='word_1_222' title='bbox 501 2596 532 2648; x_wconf 90' lang='lat' dir='ltr'>et</span> <span class='ocrx_word' id='word_1_223' title='bbox 545 2587 615 2648; x_wconf 91' lang='lat' dir='ltr'>huic</span> <span class='ocrx_word' id='word_1_224' title='bbox 631 2586 738 2662; x_wconf 88' lang='lat' dir='ltr'>capite.</span> <span class='ocrx_word' id='word_1_225' title='bbox 1148 2626 1150 2631; x_wconf 68' lang='lat'>,</span> 
     </span>
    </p>

    <p class='ocr_par' dir='ltr' id='par_1_6' title="bbox 166 2671 1162 2746">
     <span class='ocr_line' id='line_1_29' title="bbox 166 2671 1162 2746; baseline -0.001 -14"><span class='ocrx_word' id='word_1_226' title='bbox 166 2681 179 2732; x_wconf 91' lang='lat' dir='ltr'>t</span> <span class='ocrx_word' id='word_1_227' title='bbox 255 2675 293 2731; x_wconf 93' lang='lat' dir='ltr'>V.</span> <span class='ocrx_word' id='word_1_228' title='bbox 316 2671 450 2746; x_wconf 79' lang='lat' dir='ltr'>Longius</span> <span class='ocrx_word' id='word_1_229' title='bbox 462 2672 581 2731; x_wconf 85' lang='lat' dir='ltr'>videtur</span> <span class='ocrx_word' id='word_1_230' title='bbox 591 2671 762 2732; x_wconf 89' lang='lat' dir='ltr'>recessisse</span> <span class='ocrx_word' id='word_1_231' title='bbox 774 2687 793 2731; x_wconf 90' lang='lat' dir='ltr'>a</span> <span class='ocrx_word' id='word_1_232' title='bbox 804 2672 962 2746; x_wconf 87' lang='lat' dir='ltr'>proposito</span> <span class='ocrx_word' id='word_1_233' title='bbox 975 2672 1073 2733; x_wconf 87' lang='lat' dir='ltr'>oratio</span> <span class='ocrx_word' id='word_1_234' title='bbox 1088 2687 1162 2746; x_wconf 89' lang='lat' dir='ltr'>mea,</span> 
     </span>
    </p>

    <p class='ocr_par' dir='ltr' id='par_1_7' title="bbox 195 2753 1163 2831">
     <span class='ocr_line' id='line_1_30' title="bbox 195 2753 1163 2831; baseline -0.001 -16"><span class='ocrx_word' id='word_1_235' title='bbox 195 2763 225 2815; x_wconf 86' lang='lat' dir='ltr'>at</span> <span class='ocrx_word' id='word_1_236' title='bbox 247 2755 436 2816; x_wconf 88' lang='lat' dir='ltr'>mehercules</span> <span class='ocrx_word' id='word_1_237' title='bbox 455 2770 520 2815; x_wconf 89' lang='lat' dir='ltr'>rem</span> <span class='ocrx_word' id='word_1_238' title='bbox 539 2755 637 2831; x_wconf 88' lang='lat' dir='ltr'>ipsam</span> <span class='ocrx_word' id='word_1_239' title='bbox 660 2756 776 2829; x_wconf 90' lang='lat' dir='ltr'>premit.</span> <span class='ocrx_word' id='word_1_240' title='bbox 806 2771 875 2814; x_wconf 87' lang='lat' dir='ltr'>nam</span> <span class='ocrx_word' id='word_1_241' title='bbox 896 2753 938 2828; x_wconf 90' lang='lat' dir='ltr'>si,</span> <span class='ocrx_word' id='word_1_242' title='bbox 959 2755 1044 2830; x_wconf 91' lang='lat' dir='ltr'>quod</span> <span class='ocrx_word' id='word_1_243' title='bbox 1062 2756 1163 2815; x_wconf 89' lang='lat' dir='ltr'>adhuc</span> 
     </span>
    </p>

    <p class='ocr_par' dir='ltr' id='par_1_8' title="bbox 114 2837 1196 2997">
     <span class='ocr_line' id='line_1_31' title="bbox 114 2837 1163 2914; baseline -0.001 -15"><span class='ocrx_word' id='word_1_244' title='bbox 114 2880 118 2888; x_wconf 87' lang='lat'><em>·</em></span> <span class='ocrx_word' id='word_1_245' title='bbox 195 2837 358 2913; x_wconf 82' lang='lat' dir='ltr'>colligitur,</span> <span class='ocrx_word' id='word_1_246' title='bbox 385 2847 417 2900; x_wconf 89' lang='lat' dir='ltr'>tu</span> <span class='ocrx_word' id='word_1_247' title='bbox 438 2838 557 2898; x_wconf 88' lang='lat' dir='ltr'>animus</span> <span class='ocrx_word' id='word_1_248' title='bbox 580 2837 765 2913; x_wconf 88' lang='lat' dir='ltr'>reipublicae</span> <span class='ocrx_word' id='word_1_249' title='bbox 790 2846 860 2899; x_wconf 88' lang='lat' dir='ltr'>tunc</span> <span class='ocrx_word' id='word_1_250' title='bbox 886 2853 939 2913; x_wconf 89' lang='lat' dir='ltr'>es,</span> <span class='ocrx_word' id='word_1_251' title='bbox 972 2839 1024 2899; x_wconf 89' lang='lat' dir='ltr'>illa</span> <span class='ocrx_word' id='word_1_252' title='bbox 1048 2854 1163 2914; x_wconf 89' lang='lat' dir='ltr'>corpus</span> 
     </span>
     <span class='ocr_line' id='line_1_32' title="bbox 195 2922 1196 2997; baseline -0.009 -13"><span class='ocrx_word' id='word_1_253' title='bbox 195 2931 294 2993; x_wconf 85' lang='lat' dir='ltr'>tuum,</span> <span class='ocrx_word' id='word_1_254' title='bbox 315 2922 420 2995; x_wconf 76' lang='lat' dir='ltr'>videS,</span> <span class='ocrx_word' id='word_1_255' title='bbox 450 2928 593 2997; x_wconf 89' lang='lat' dir='ltr'>utputo,</span> <span class='ocrx_word' id='word_1_256' title='bbox 617 2938 706 2997; x_wconf 85' lang='lat' dir='ltr'>quam</span> <span class='ocrx_word' id='word_1_257' title='bbox 729 2922 905 2982; x_wconf 86' lang='lat' dir='ltr'>necessaria</span> <span class='ocrx_word' id='word_1_258' title='bbox 927 2922 1089 2982; x_wconf 87' lang='lat' dir='ltr'>clementia</span> <span class='ocrx_word' id='word_1_259' title='bbox 1110 2923 1161 2982; x_wconf 83' lang='lat' dir='ltr'>sit:</span> <span class='ocrx_word' id='word_1_260' title='bbox 1189 2942 1196 2955; x_wconf 94' lang='lat'><strong>·</strong></span> 
     </span>
    </p>

    <p class='ocr_par' dir='ltr' id='par_1_9' title="bbox 194 3005 1162 3081">
     <span class='ocr_line' id='line_1_33' title="bbox 194 3005 1162 3081; baseline -0.001 -14"><span class='ocrx_word' id='word_1_261' title='bbox 194 3006 247 3068; x_wconf 89' lang='lat' dir='ltr'>tibi</span> <span class='ocrx_word' id='word_1_262' title='bbox 262 3005 342 3066; x_wconf 90' lang='lat' dir='ltr'>enim</span> <span class='ocrx_word' id='word_1_263' title='bbox 357 3007 473 3081; x_wconf 87' lang='lat' dir='ltr'>parcis,</span> <span class='ocrx_word' id='word_1_264' title='bbox 495 3022 562 3067; x_wconf 89' lang='lat' dir='ltr'>cum</span> <span class='ocrx_word' id='word_1_265' title='bbox 580 3005 691 3066; x_wconf 88' lang='lat' dir='ltr'>videris</span> <span class='ocrx_word' id='word_1_266' title='bbox 705 3005 791 3066; x_wconf 87' lang='lat' dir='ltr'>alteri</span> <span class='ocrx_word' id='word_1_267' title='bbox 805 3021 941 3081; x_wconf 88' lang='lat' dir='ltr'>parcere.</span> <span class='ocrx_word' id='word_1_268' title='bbox 972 3006 1162 3066; x_wconf 88' lang='lat' dir='ltr'>Parcendum</span> 
     </span>
    </p>

    <p class='ocr_par' dir='ltr' id='par_1_10' title="bbox 195 3089 1161 3168">
     <span class='ocr_line' id='line_1_34' title="bbox 195 3089 1161 3168; baseline -0.002 -18"><span class='ocrx_word' id='word_1_269' title='bbox 195 3092 353 3168; x_wconf 89' lang='lat' dir='ltr'>itaqueest</span> <span class='ocrx_word' id='word_1_270' title='bbox 363 3090 453 3150; x_wconf 88' lang='lat' dir='ltr'>etiam</span> <span class='ocrx_word' id='word_1_271' title='bbox 464 3089 663 3164; x_wconf 88' lang='lat' dir='ltr'>inprobandis</span> <span class='ocrx_word' id='word_1_272' title='bbox 671 3089 788 3150; x_wconf 89' lang='lat' dir='ltr'>civibus</span> <span class='ocrx_word' id='word_1_273' title='bbox 799 3106 860 3151; x_wconf 89' lang='lat' dir='ltr'>non</span> <span class='ocrx_word' id='word_1_274' title='bbox 872 3089 1058 3166; x_wconf 89' lang='lat' dir='ltr'>aliterquam</span> <span class='ocrx_word' id='word_1_275' title='bbox 1070 3107 1161 3151; x_wconf 91' lang='lat' dir='ltr'>mern-</span> 
     </span>
    </p>

    <p class='ocr_par' dir='ltr' id='par_1_11' title="bbox 195 3173 1161 3249">
     <span class='ocr_line' id='line_1_35' title="bbox 195 3173 1161 3249; baseline -0.001 -15"><span class='ocrx_word' id='word_1_276' title='bbox 195 3174 258 3234; x_wconf 86' lang='lat' dir='ltr'>bris</span> <span class='ocrx_word' id='word_1_277' title='bbox 274 3175 501 3248; x_wconf 78' lang='lat' dir='ltr'>languentibus,</span> <span class='ocrx_word' id='word_1_278' title='bbox 524 3180 554 3234; x_wconf 90' lang='lat' dir='ltr'>et</span> <span class='ocrx_word' id='word_1_279' title='bbox 568 3174 595 3233; x_wconf 93' lang='lat' dir='ltr'>si</span> <span class='ocrx_word' id='word_1_280' title='bbox 611 3174 733 3249; x_wconf 84' lang='lat' dir='ltr'>quando</span> <span class='ocrx_word' id='word_1_281' title='bbox 745 3174 839 3235; x_wconf 89' lang='lat' dir='ltr'>misso</span> <span class='ocrx_word' id='word_1_282' title='bbox 852 3173 1000 3248; x_wconf 89' lang='lat' dir='ltr'>sanguine</span> <span class='ocrx_word' id='word_1_283' title='bbox 1012 3191 1094 3249; x_wconf 90' lang='lat' dir='ltr'>opus</span> <span class='ocrx_word' id='word_1_284' title='bbox 1107 3180 1161 3244; x_wconf 88' lang='lat' dir='ltr'>est,</span> 
     </span>
    </p>

    <p class='ocr_par' dir='ltr' id='par_1_12' title="bbox 195 3256 1161 3336">
     <span class='ocr_line' id='line_1_36' title="bbox 195 3256 1161 3336; baseline 0.001 -20"><span class='ocrx_word' id='word_1_285' title='bbox 195 3256 375 3318; x_wconf 88' lang='lat' dir='ltr'>sustinenda</span> <span class='ocrx_word' id='word_1_286' title='bbox 389 3265 436 3317; x_wconf 92' lang='lat' dir='ltr'>est</span> <span class='ocrx_word' id='word_1_287' title='bbox 448 3259 592 3336; x_wconf 83' lang='lat' dir='ltr'>[manas],</span> <span class='ocrx_word' id='word_1_288' title='bbox 607 3273 645 3316; x_wconf 90' lang='lat' dir='ltr'>ne</span> <span class='ocrx_word' id='word_1_289' title='bbox 656 3258 734 3317; x_wconf 87' lang='lat' dir='ltr'>ultra</span> <span class='ocrx_word' id='word_1_290' title='bbox 746 3275 836 3332; x_wconf 89' lang='lat' dir='ltr'>quarn</span> <span class='ocrx_word' id='word_1_291' title='bbox 847 3272 977 3317; x_wconf 88' lang='lat' dir='ltr'>neeesse</span> <span class='ocrx_word' id='word_1_292' title='bbox 988 3257 1029 3319; x_wconf 91' lang='lat' dir='ltr'>sit</span> <span class='ocrx_word' id='word_1_293' title='bbox 1039 3257 1161 3318; x_wconf 83' lang='lat' dir='ltr'>incidat.</span> 
     </span>
    </p>

    <p class='ocr_par' dir='ltr' id='par_1_13' title="bbox 167 3339 1162 3415">
     <span class='ocr_line' id='line_1_37' title="bbox 167 3339 1162 3415; baseline 0 -15"><span class='ocrx_word' id='word_1_294' title='bbox 167 3339 249 3400; x_wconf 74' lang='lat' dir='ltr'>lEst</span> <span class='ocrx_word' id='word_1_295' title='bbox 267 3355 356 3415; x_wconf 90' lang='lat' dir='ltr'>ergo,</span> <span class='ocrx_word' id='word_1_296' title='bbox 378 3349 410 3400; x_wconf 91' lang='lat' dir='ltr'>ut</span> <span class='ocrx_word' id='word_1_297' title='bbox 424 3340 576 3415; x_wconf 88' lang='lat' dir='ltr'>dicebam,</span> <span class='ocrx_word' id='word_1_298' title='bbox 598 3341 756 3401; x_wconf 88' lang='lat' dir='ltr'>clementia</span> <span class='ocrx_word' id='word_1_299' title='bbox 770 3341 910 3401; x_wconf 88' lang='lat' dir='ltr'>omnibus</span> <span class='ocrx_word' id='word_1_300' title='bbox 926 3340 1050 3415; x_wconf 88' lang='lat' dir='ltr'>quidem</span> <span class='ocrx_word' id='word_1_301' title='bbox 1065 3340 1162 3402; x_wconf 90' lang='lat' dir='ltr'>homi-</span> 
     </span>
    </p>

    <p class='ocr_par' dir='ltr' id='par_1_14' title="bbox 196 3421 1162 3502">
     <span class='ocr_line' id='line_1_38' title="bbox 196 3421 1162 3502; baseline 0 -19"><span class='ocrx_word' id='word_1_302' title='bbox 196 3422 285 3483; x_wconf 87' lang='lat' dir='ltr'>nibus</span> <span class='ocrx_word' id='word_1_303' title='bbox 301 3426 468 3485; x_wconf 89' lang='lat' dir='ltr'>secundum</span> <span class='ocrx_word' id='word_1_304' title='bbox 484 3432 634 3496; x_wconf 87' lang='lat' dir='ltr'>naturam,</span> <span class='ocrx_word' id='word_1_305' title='bbox 650 3424 780 3484; x_wconf 88' lang='lat' dir='ltr'>maxime</span> <span class='ocrx_word' id='word_1_306' title='bbox 796 3431 894 3485; x_wconf 87' lang='lat' dir='ltr'>tamen</span> <span class='ocrx_word' id='word_1_307' title='bbox 907 3421 1021 3486; x_wconf 86' lang='lat' dir='ltr'>decora</span> <span class='ocrx_word' id='word_1_308' title='bbox 1031 3426 1162 3502; x_wconf 89' lang='lat' dir='ltr'>impera·</span> 
     </span>
    </p>

    <p class='ocr_par' dir='ltr' id='par_1_15' title="bbox 188 3505 1162 3586">
     <span class='ocr_line' id='line_1_39' title="bbox 188 3505 1162 3586; baseline -0.002 -17"><span class='ocrx_word' id='word_1_309' title='bbox 188 3505 322 3578; x_wconf 82' lang='lat' dir='ltr'>toribus,</span> <span class='ocrx_word' id='word_1_310' title='bbox 340 3514 453 3581; x_wconf 86' lang='lat' dir='ltr'>quanto</span> <span class='ocrx_word' id='word_1_311' title='bbox 470 3510 537 3582; x_wconf 93' lang='lat' dir='ltr'>plus</span> <span class='ocrx_word' id='word_1_312' title='bbox 552 3508 643 3567; x_wconf 88' lang='lat' dir='ltr'>habet</span> <span class='ocrx_word' id='word_1_313' title='bbox 656 3508 739 3582; x_wconf 89' lang='lat' dir='ltr'>apud</span> <span class='ocrx_word' id='word_1_314' title='bbox 750 3508 828 3583; x_wconf 91' lang='lat' dir='ltr'>illos,</span> <span class='ocrx_word' id='word_1_315' title='bbox 842 3508 926 3583; x_wconf 90' lang='lat' dir='ltr'>quod</span> <span class='ocrx_word' id='word_1_316' title='bbox 938 3516 1050 3584; x_wconf 85' lang='lat' dir='ltr'>servet,</span> <span class='ocrx_word' id='word_1_317' title='bbox 1066 3525 1162 3586; x_wconf 86' lang='lat' dir='ltr'>quan·</span> 
     </span>
    </p>
   </div>
   <div class='ocr_carea' id='block_1_3' title="bbox 0 0 1224 3968">
    <p class='ocr_par' dir='ltr' id='par_1_16' title="bbox 0 0 1224 3968">
     <span class='ocr_line' id='line_1_40' title="bbox 0 0 1224 3968; baseline 0 0"><span class='ocrx_word' id='word_1_318' title='bbox 0 0 1224 3968; x_wconf 95' lang='lat' dir='ltr'> </span> 
     </span>
    </p>
   </div>
  </div>
 </body>
</html>
