2438 3968
479 412 511 494 l.
531 412 672 495 llllltl
693 414 865 498 inlicit

322 562 700 662 ntlltlttttltllll
728 565 898 660 linuit
927 565 1031 661 vttl.

563 738 607 786 nn
626 736 778 789 sunuuuu

599 855 641 919 llll
658 855 750 921 ttrltt.

610 998 733 1008 ·—.-.

162 1127 169 1174 Ι
248 1107 270 1165 1.
294 1111 361 1180 [aa]
384 1103 487 1142 ******
511 1122 564 1166 cur
585 1107 673 1167 nobis
695 1123 803 1182 magno
820 1123 976 1170 consensu
991 1110 1065 1169 vitia
1080 1125 1162 1170 com-

186 1192 348 1251 mendant?
374 1189 444 1249 licet
458 1189 530 1248 nihil
545 1189 644 1265 aliud,
660 1193 741 1266 quod
757 1193 797 1252 sit
811 1193 952 1267 satutare,
965 1200 1161 1269 temptemus,

184 1275 322 1351 proderit
342 1282 440 1333 tamen
464 1290 519 1349 per
539 1291 574 1333 se
589 1276 689 1348 ipsum
704 1276 865 1336 secedere:
887 1277 1031 1338 meliores
1047 1278 1161 1337 erimus

185 1360 304 1435 singuli.
332 1359 419 1434 quid,
435 1359 517 1434 quod
534 1360 679 1419 secedere
694 1358 734 1418 ad
749 1360 880 1434 optimos
895 1362 977 1422 viros
992 1369 1022 1422 et
1035 1362 1160 1436 aliquod

155 1436 159 1442 ’
184 1445 356 1518 exemplum
371 1444 497 1518 eligere,
514 1443 553 1502 ad
569 1443 651 1518 quod
667 1442 759 1503 vitam
773 1444 947 1519 dirigamus,
963 1445 1055 1504 licere
1077 1446 1160 1521 quod

184 1528 242 1587 nisi
264 1527 325 1587 otio
347 1545 407 1587 non
428 1527 471 1586 lit.
498 1535 570 1587 tunc
591 1535 694 1601 potest
715 1528 850 1588 obtinere
873 1529 957 1604 quod
977 1531 1073 1589 semel
1097 1531 1159 1602 pla-

185 1610 259 1684 cuit,
281 1611 334 1671 ubi
348 1628 437 1671 nemo
451 1609 626 1685 intervenit,
649 1612 699 1685 qui
713 1611 857 1671 iudicium
871 1613 972 1673 adhuc
986 1613 1160 1673 inbecillum

184 1696 298 1769 populo
315 1697 451 1756 adiutore
475 1697 663 1768 detorqueat.
693 1704 765 1755 tunc
786 1702 889 1769 potest
910 1695 973 1756 vite
989 1698 1112 1772 aequali
1134 1704 1160 1756 el

184 1794 245 1837 uno
274 1786 379 1838 tenore
407 1779 588 1854 procedere,
625 1796 715 1854 quam
745 1780 912 1854 propositis
941 1781 1160 1842 diversissimis

156 1860 363 1924 ascindimus.
397 1863 471 1920 Nam
496 1864 574 1922 inter
595 1872 695 1923 cetera
718 1863 798 1922 mala
817 1863 892 1924 illud
913 1865 1082 1940 pessimum
1104 1874 1159 1936 est

185 1947 266 2022 quod
284 1947 357 2006 vitia
370 1946 439 2020 ipsa
459 1954 619 2006 mutamus.
636 1948 693 2008 sic
708 1964 746 2006 ne
764 1947 823 2007 hoc
844 1948 966 2023 quidem
982 1949 1072 2010 nobis
1088 1965 1158 2010 cen-

184 2029 270 2106 tingit
284 2045 463 2105 permanere
480 2031 510 2089 in
524 2033 603 2090 malo
620 2032 678 2090 iam
696 2031 843 2091 familiari.
868 2032 951 2092 aliud
966 2048 1006 2092 ex
1020 2033 1081 2094 alio
1096 2034 1158 2108 pla·

184 2123 233 2175 cet
251 2122 404 2188 vexatque
426 2131 483 2174 nos
504 2115 563 2173 hoc
586 2131 724 2190 quoque,
748 2116 831 2189 quod
851 2116 963 2176 rudIcia
976 2124 1084 2177 nostra
1099 2135 1159 2177 non

184 2207 297 2260 tanturn
313 2215 422 2273 prava,
444 2200 603 2258 sedetiam
622 2201 701 2259 levia
715 2206 794 2259 sunt.
817 2198 1001 2261 fluctuamus
1015 2202 1160 2276 aliudque

184 2301 224 2342 ex
239 2284 297 2343 alio
313 2282 601 2357 conprehendimus.
622 2285 716 2358 petita
729 2285 937 2357 relinquimus,
952 2285 1057 2345 relicta
1072 2301 1159 2360 repe·

155 2369 282 2434 alimus.
313 2367 457 2426 Alternae
477 2368 554 2426 inter
575 2368 769 2441 cupiditatem
794 2377 927 2429 nostram
949 2375 981 2428 et
1001 2368 1158 2443 poeniten·

183 2453 252 2511 tiam
274 2453 357 2512 vices
379 2458 458 2511 sunt.
486 2453 657 2526 pendemus
673 2452 753 2512 enim
773 2453 829 2513 toti
851 2469 890 2511 ex
911 2452 1019 2512 alienis
1039 2452 1159 2513 iudiciis

184 2544 213 2595 et
226 2537 256 2595 id
273 2538 418 2611 optimum
439 2535 527 2596 nobis
544 2537 676 2608 videtur,
699 2537 781 2610 qued
803 2538 948 2610 petitores
968 2536 1159 2596 laudatores-

186 2635 246 2694 que
260 2621 371 2680 multos
387 2619 490 2691 habet,
511 2637 571 2680 non
587 2619 618 2678 id
634 2621 716 2695 quod
732 2620 919 2680 laudandum
934 2621 1159 2694 petendumque

184 2710 239 2762 est.
267 2719 323 2763 nec
338 2703 418 2764 viam
438 2703 602 2764 benarnae
622 2705 730 2763 malam
752 2719 806 2778 per
820 2719 856 2763 se
870 2704 1081 2776 aestimamus,
1104 2705 1159 2764 sed

155 2786 270 2848 eturba
285 2786 490 2862 vestigiorum,
506 2788 536 2844 in
553 2787 662 2861 quibus
675 2788 758 2847 nulla
769 2795 840 2847 sunt
849 2776 1056 2848 redeuntium!
1068 2789 1158 2848 Dices

184 2869 268 2929 mihi:
301 2871 395 2946 „quid
416 2871 482 2946 agis
504 2869 642 2931 Seneca?
673 2872 790 2930 deseris
812 2879 937 2946 partes?
964 2880 1046 2933 certe
1065 2871 1159 2933 Stoici

183 2955 278 3015 nostri
300 2955 417 3015 dicunt:
439 2971 539 3030 usque
560 2957 599 3015 ad
620 2955 754 3016 ultimum
769 2957 849 3015 vitae
863 2955 953 3014 linem
969 2955 1001 3015 in
1016 2964 1087 3016 actu
1102 2957 1159 3016 eri-

183 3055 269 3113 mus,
290 3056 351 3099 non
366 3038 541 3099 desinemus
557 3040 706 3100 communi
725 3039 807 3099 bono
824 3055 949 3114 operam
965 3041 1054 3113 dare,
1072 3040 1158 3100 adiu·

184 3139 256 3181 vnre
273 3123 419 3198 singulos,
436 3139 524 3197 opem
542 3124 621 3185 lerre
632 3124 720 3184 etiarn
735 3122 864 3184 inimicis
877 3127 965 3184 senili
976 3140 1078 3184 manu.
1101 3141 1158 3184 nos

184 3222 306 3279 sumus,
332 3207 384 3282 qui
404 3207 492 3266 nullis
514 3209 601 3267 annis
623 3208 811 3268 vacationem
834 3209 942 3267 damus
963 3215 993 3268 el
1013 3209 1099 3284 quod
1119 3209 1161 3268 ait

183 3289 232 3349 ille
246 3288 292 3349 vir
308 3289 536 3365 disertissimus

458 3379 596 3436 canitiem
607 3380 697 3450 pelea
708 3380 879 3450 premimus.
1147 3422 1150 3426 -

183 3473 242 3517 nos
258 3473 379 3532 sumus,
401 3460 481 3533 apud
499 3476 577 3534 quos
592 3477 691 3534 usque
707 3476 744 3519 ee
760 3459 830 3517 nihil
847 3468 917 3520 ante
932 3467 1058 3520 mortem
1083 3459 1159 3521 elie·
