2438 3968
197 267 239 329 86
482 268 515 326 L.
537 268 683 328 ANNAEI
704 267 877 329 SENECAE

197 421 260 481 vidi
274 421 315 481 sit
328 420 438 495 ingenii
452 436 490 479 an
507 419 607 496 frigidi
622 427 713 494 atque
726 420 863 481 humilis:
878 437 1044 496 generoso
1057 428 1178 503 repulsu

197 505 273 564 iram
290 504 451 579 exprimet,
466 503 611 578 languido
622 504 770 580 inertique
784 505 945 566 tristitiam.
980 506 1072 584 Ergo
1092 511 1176 573 actio

197 604 252 648 nes
267 595 390 648 nostrae
404 603 461 649 nec
482 603 596 663 parvae
617 586 677 649 sint
696 604 752 648 nec
766 588 900 648 audaces
915 595 947 649 et
961 589 1132 666 inprobae.
1151 592 1176 655 in

196 670 329 732 vicinum
352 688 426 747 spes
451 678 550 732 exeat.
581 671 654 730 nihil
676 687 835 747 conemur,
862 672 946 747 quod
975 689 1057 735 mox
1079 678 1175 753 adepti

199 772 322 832 quoque
335 757 527 817 successisse
541 752 692 814 miremur.

168 845 182 897 1
257 840 336 900 vttl.
364 841 477 899 Demus
498 853 639 914 operam,
660 855 699 897 ne
718 839 904 915 accipiamus
921 839 1090 917 iniuriam,
1110 841 1174 920 quia

197 927 277 984 terre
291 924 454 983 nescimus.
489 923 563 982 Cum
578 921 786 997 placidissimo
803 931 834 984 et
843 923 989 985 facillimo
1003 931 1041 985 et
1058 928 1173 989 minine

197 1008 288 1068 anxio
308 1021 497 1082 morosoque
513 1006 677 1066 vivendum
692 1013 753 1067 est:
775 1015 969 1068 sumuntura
985 1024 1169 1073 conversen-

196 1092 278 1151 tibus
297 1105 398 1150 mores
420 1096 449 1150 ct
475 1097 508 1150 ul
530 1091 678 1164 quaedem
701 1090 729 1149 in
753 1098 911 1152 contactos
933 1094 1088 1168 corporls
1109 1095 1171 1155 uitia

170 1172 401 1250 atranssitiunt,
420 1173 461 1235 ita
475 1172 592 1234 animus
608 1175 686 1234 mala
707 1190 764 1234 sua
777 1173 925 1251 proximis
939 1175 1056 1239 tradita
1080 1177 1170 1243 ebrio

197 1275 251 1319 sus
264 1259 455 1320 convictores
470 1258 500 1317 in
515 1273 647 1318 amorem
662 1259 736 1317 meri
751 1259 849 1320 traxit.
869 1259 1093 1335 inpudicorum
1108 1278 1169 1324 coe-

197 1351 245 1403 tus
263 1344 370 1404 sortem
390 1357 515 1419 quoque
530 1349 572 1416 et,
594 1343 620 1402 si
634 1342 736 1415 liceat,
757 1344 855 1403 virum
876 1343 1013 1405 emolliit.
1049 1346 1169 1407 avaritie

196 1429 226 1488 in
248 1427 406 1502 proximos
431 1427 516 1487 virus
543 1442 632 1487 suurn
655 1428 814 1487 transtulit.
845 1427 962 1487 Eadem
982 1442 1026 1487 ex
1049 1431 1168 1493 diverso

196 1512 272 1574 ratio
288 1511 431 1573 virtutum
446 1521 508 1584 est,
523 1518 556 1570 ut
573 1526 662 1571 omne
677 1510 761 1585 quod
774 1526 878 1571 secunr
893 1509 1009 1572 habent
1026 1513 1168 1590 mitigent

197 1603 327 1656 nectam
344 1596 501 1656 valitudini
515 1596 628 1669 proluit
642 1593 721 1654 utilis
738 1593 822 1669 regio
836 1601 866 1655 et
879 1593 1040 1657 salubrius
1057 1598 1167 1659 coelum

167 1694 289 1755 aquarn
304 1679 411 1740 animis
427 1695 533 1754 parum
547 1679 641 1738 lirmis
657 1679 687 1737 in
703 1677 927 1740 turbe·meliore
940 1681 1077 1743 versari.
1093 1680 1168 1756 Quae

196 1779 246 1822 res
268 1769 411 1837 quantum
433 1763 533 1837 possit
558 1761 732 1837 intelleges,
755 1763 781 1821 si
804 1762 916 1823 videris
939 1762 1025 1824 ieras
1049 1778 1167 1842 quoquc

197 1845 338 1906 convictu
373 1852 476 1907 nostro
511 1860 726 1906 mansuescere
757 1845 892 1920 nullique
926 1845 1020 1906 etiam
1063 1848 1166 1909 inmuni

195 1928 313 1989 bestiae
333 1930 394 1988 vim
416 1945 504 1990 suam
525 1945 717 2004 permanere,
740 1931 767 1990 si
786 1929 916 1992 hominis
937 1931 1166 1995 contubernium

197 2013 249 2073 diu
270 2028 365 2087 passa
384 2021 440 2073 est.
473 2013 641 2073 retunditur
663 2013 761 2073 omnis
789 2012 941 2090 asperitas
961 2016 1166 2094 paulatimque

196 2097 275 2156 inter
294 2097 414 2171 placida
435 2097 609 2157 dediscitur.
641 2097 759 2158 accedit
777 2097 853 2172 huc,
874 2097 959 2172 quod
973 2113 1041 2161 non
1059 2107 1166 2163 mauu

197 2183 338 2255 exemplo
353 2181 459 2242 melior
478 2181 512 2240 iit
526 2180 578 2256 qui
597 2197 665 2242 curn
682 2179 792 2257 quietis
806 2181 980 2242 homiuibus
994 2183 1099 2261 vivit,
1118 2182 1166 2246 ael

197 2263 281 2340 quod
297 2280 407 2325 causas
421 2265 571 2325 irascendi
588 2281 647 2324 non
663 2265 776 2325 invenit
792 2281 849 2326 nec
860 2264 966 2327 vitium
976 2282 1075 2331 suum
1087 2284 1157 2331 exer

197 2355 261 2409 cet:
285 2349 391 2424 lugere
415 2349 517 2424 itaque
542 2350 664 2411 debebit
685 2349 782 2409 omnis
806 2365 884 2424 quos
908 2349 1094 2415 irritaturos
1115 2346 1165 2415 im·

144 2448 146 2455 ·
168 2431 336 2497 scandiam
351 2434 436 2493 sciet.
470 2433 545 2507 „Qui
561 2441 645 2506 sunl,
661 2433 778 2508 inquis,
794 2434 890 2494 isti‘r“
919 2432 1006 2494 Multi
1021 2450 1067 2497 ex
1080 2436 1165 2498 mrit·

196 2516 298 2577 causis
324 2517 403 2576 idem
429 2517 554 2578 tacturi:
586 2516 720 2577 offendet
747 2525 777 2577 te
801 2517 954 2592 superbus
981 2526 1165 2599 contemptu.

196 2601 285 2660 dicax
307 2600 503 2675 contumelia,
530 2603 669 2677 petulans
690 2599 816 2672 iniuria,
840 2600 952 2661 lividus
972 2603 1166 2680 malignitate.

197 2699 317 2758 pugnax
341 2683 548 2756 contentione,
571 2692 717 2745 ventosus
738 2691 769 2744 et
785 2685 917 2745 mendax
933 2683 1085 2749 vanuum
1112 2702 1166 2751 nor

197 2768 277 2827 teres
298 2784 317 2828 a
336 2766 512 2844 suspicioso
531 2768 641 2840 timeri,
663 2786 681 2827 a
701 2768 855 2843 pertinace
874 2768 970 2841 vinci,
994 2784 1015 2829 a
1038 2771 1166 2835 delicato

168 2848 334 2912 blaslidiri.
364 2851 452 2927 Elige
472 2853 643 2927 simplices,
664 2851 784 2926 faciles,
806 2852 996 2927 moderatos,
1019 2856 1078 2930 qui
1098 2858 1167 2919 im

196 2943 276 2994 tuam
291 2951 348 2997 nec
362 2943 493 2997 evocent
507 2944 537 2997 et
551 2937 657 2996 lerant.
683 2936 780 3011 magis
793 2935 895 2996 adhuc
909 2936 1088 3011 proderunt
1101 2940 1166 3003 sub

196 3016 281 3079 missi
300 3027 330 3080 et
343 3020 465 3080 humani
480 3029 510 3081 et
523 3021 644 3093 duloes,
666 3036 728 3079 non
742 3026 842 3080 tamen
855 3018 1001 3096 usquein
1017 3023 1168 3087 adulebo

167 3109 272 3163 finem.
294 3119 363 3163 nam
377 3104 540 3166 iracundos
555 3102 646 3164 nimia
658 3103 827 3164 adsentatio
842 3103 978 3164 offendit
999 3103 1168 3171 Erotem

196 3184 312 3246 amicus
337 3195 442 3248 noster
465 3188 511 3247 vir
534 3188 651 3260 bonus,
675 3188 731 3248 sed
753 3186 817 3247 irae
838 3186 1015 3262 paratioris,
1046 3191 1167 3255 enimet

196 3268 294 3343 magis
319 3275 413 3330 tutum
440 3280 504 3333 erut
531 3270 660 3333 blandiri
690 3287 784 3346 quam.
800 3270 991 3332 maledicere.
1035 3274 1167 3339 cocum

197 3357 349 3412 oratorem
372 3353 468 3415 tuisse
492 3352 756 3415 iracundissimum
781 3362 908 3416 constat
941 3371 1010 3417 cum
1034 3375 1119 3437 quo,
1141 3364 1169 3421 ul

196 3434 295 3508 aiunt,
319 3437 467 3498 coenabat
486 3440 516 3498 in
535 3438 675 3499 cubiculo
690 3439 786 3498 lectae
800 3439 961 3514 patientiae
974 3439 1096 3520 cliens,
1117 3442 1167 3507 sed

197 3518 320 3581 dilllcile
334 3527 399 3581 erat
413 3520 454 3580 illi
468 3523 498 3581 in
514 3523 654 3597 copulam
669 3522 806 3583 coniecto
819 3522 916 3583 rixam
929 3523 996 3585 eius
1012 3540 1089 3591 cum
1110 3541 1166 3607 quo
