2438 3968
209 239 878 314 DETmlNQUlLLtTATEAltllll.14—1o.
971 239 1032 302 leo

57 396 155 466 enim,
173 392 315 468 quotiens
330 393 361 452 in
373 393 529 468 publicum
540 400 750 468 processerat,
767 391 876 464 tiebat,
890 394 941 454 illc
951 393 1031 456 ridn

58 484 119 542 bat.
147 477 218 538 huic
235 477 353 549 omnia,
370 492 451 552 quac
463 477 596 550 agimus,
613 474 771 549 miseriae,
786 477 828 536 illi
840 475 972 552 ineptiae
988 479 1030 538 vi-

58 565 225 625 debanturz
252 561 403 621 elevanda
427 576 501 635 ergo
524 562 625 618 omnia
639 567 670 620 et
683 559 764 620 incili
779 560 880 622 animo
895 562 1031 623 ferendo.

57 645 230 708 Humanius
239 652 287 705 est
298 644 439 704 deridere
447 645 638 717 vitamqnam
647 643 820 718 deplorare.
841 645 939 704 Adice
947 647 1060 720 quoda

58 733 99 792 de
112 732 245 790 humano
261 744 387 804 quoque
400 744 514 802 genere
527 727 636 787 melius
647 735 781 788 meretur
792 728 844 803 qui
856 728 936 789 ridet
947 729 1030 802 illud

59 832 152 891 quarn
168 814 220 889 qui
234 814 332 888 lugetz
358 813 409 872 ille
424 820 455 872 et
469 812 538 887 spei
551 811 652 872 bonae
667 811 784 886 aliquid
797 811 956 886 relinquit,
981 813 1031 873 liic

57 906 159 960 autem
172 899 262 958 stulte
276 895 383 968 deflet,
406 911 486 972 quae
500 895 611 970 corrigi
625 909 723 970 posse
732 896 889 971 desperat
921 905 953 957 et
965 897 1031 958 uni·

57 999 151 1044 versa
161 982 383 1056 contemplatus
395 979 521 1040 maioris
531 979 622 1040 anirni
633 987 689 1054 est,
705 980 757 1055 qui
767 981 866 1041 risum
875 995 939 1041 non
948 989 1032 1043 tenet

59 1083 152 1143 quarn
172 1066 224 1142 qui
244 1065 401 1138 lacrimaS,
428 1064 552 1140 qemun
569 1063 757 1124 levissimam
772 1065 926 1125 adlectum
940 1065 1031 1126 animi

59 1157 162 1212 movet
176 1158 206 1209 et
219 1149 293 1209 nihil
307 1164 465 1223 magnum,
487 1147 561 1207 nibil
575 1162 733 1222 severum,
753 1165 794 1208 ne
804 1148 952 1209 miserum
964 1150 1031 1226 qui·

58 1237 128 1296 dem
154 1249 193 1293 ex
218 1240 303 1294 tanto
326 1241 435 1308 paratu
455 1241 550 1307 putat
583 1229 710 1306 Singula
723 1240 850 1307 propter
866 1249 946 1308 quac
961 1233 1061 1295 laelii

59 1335 96 1380 ac
123 1319 227 1378 tristes
253 1333 375 1390 sumus,
396 1317 455 1377 sibi
475 1314 609 1392 quisquc
623 1324 777 1390 proponat
791 1325 822 1378 et
835 1319 912 1377 sciet
924 1333 1032 1378 veram

58 1419 131 1464 esse
148 1403 231 1476 quod
241 1402 320 1462 Bion
334 1399 423 1461 dixit:
439 1399 542 1460 omnia
554 1399 713 1460 hominum
722 1400 845 1474 negotia
855 1400 965 1461 similia
976 1401 1031 1461 ini·

59 1488 108 1548 tiis
134 1502 207 1546 esse
228 1501 286 1546 nec
307 1485 402 1544 vitam
424 1485 544 1545 illorum
558 1484 657 1558 magis
672 1491 807 1544 sanctem
823 1492 875 1546 ant
889 1500 1031 1546 severam

57 1587 131 1631 esso
143 1586 234 1645 quam
246 1575 427 1644 conceptum
439 1567 532 1627 nihilo
542 1566 672 1627 natum*.
687 1566 751 1628 Sed
762 1568 887 1628 satius
897 1577 956 1629 est
966 1587 1030 1646 pu·
1042 1576 1060 1628 o

59 1655 186 1713 blicos
201 1669 327 1713 mores
342 1661 378 1713 et
392 1652 555 1712 humana
569 1651 663 1711 vitia
679 1651 835 1725 placide
850 1653 1030 1728 accipere

60 1753 117 1797 nec
144 1737 288 1797 inrisum
312 1737 420 1797 necin
444 1735 584 1796 lacrimas
605 1735 805 1796 excidentem.
839 1747 909 1798 nam
922 1738 1030 1799 olienis

59 1821 146 1881 malis
162 1822 298 1897 torqueri
312 1827 435 1881 aeterna
449 1820 573 1880 miseria
586 1826 647 1892 est,
663 1818 770 1879 alienis
786 1820 930 1882 delectari
942 1822 1029 1883 malis

58 1908 204 1981 voluptas
226 1905 406 1966 inhumana=
430 1905 509 1965 sicut
533 1904 584 1964 illa
607 1902 719 1964 inutilis
743 1903 919 1966 humanitas
937 1904 1029 1981 licre,

57 1991 133 2066 quia
153 1990 263 2064 aliquis
286 1989 378 2048 liliam
400 1987 520 2060 efferat,
548 1996 577 2048 et
591 1988 720 2048 frontem
735 2004 822 2048 suam
837 1988 961 2064 lingere.
992 1990 1063 2050 ln6

58 2076 143 2135 suis
158 2089 314 2150 quoque
328 2073 442 2134 malis
456 2073 509 2133 ita
524 2086 663 2147 gerere
676 2088 718 2132 sc
732 2079 902 2148 oportet,
915 2083 953 2134 ut
968 2075 1028 2134 dn-

58 2158 286 2219 loritantum
300 2158 378 2231 des,
391 2164 568 2236 quantum
580 2157 946 2232 poscitnonquantom
957 2172 1029 2218 cou-

59 2243 201 2303 suetudo.
233 2241 373 2317 plerique
389 2242 469 2301 enim
485 2240 626 2302 lacrimas
641 2241 785 2311 fundunt,
809 2248 843 2302 ut
858 2242 1028 2314 ostendant,

57 2335 90 2386 et
104 2326 215 2386 totiens
231 2326 332 2386 siccos
348 2327 460 2386 ocules
470 2325 592 2399 habent,
604 2325 746 2401 quotiens
757 2333 913 2400 spectator
924 2325 1027 2400 mlum

59 2419 149 2484 turpe
165 2409 334 2470 iudicantes
349 2426 410 2469 non
425 2409 515 2482 llere,
533 2426 602 2470 cum
617 2425 724 2470 omncs
739 2408 859 2469 iaciant.
883 2411 960 2470 adeo
976 2426 1029 2486 pe·

59 2494 140 2554 nitus
155 2492 216 2552 hoc
229 2508 263 2552 se
278 2494 390 2554 molum
403 2493 486 2568 fixit,
504 2510 542 2555 ex
558 2493 658 2555 aliena
672 2494 817 2569 opinione
832 2494 982 2569 pendere,
996 2502 1030 2555 ut

59 2581 89 2638 in
105 2577 328 2638 simulationem
343 2578 432 2638 etiam
446 2593 498 2640 res
513 2578 755 2653 simplicissima,
771 2579 875 2653 dolor,
892 2579 1002 2639 veniat

120 2662 199 2722 xvi.
223 2660 525 2737 Sequeturpars,
541 2679 635 2738 quae
651 2661 1057 2724 soletnoninmaritol

57 2746 301 2807 contristare
315 2745 401 2806 etin
416 2746 1029 2820 sollicitudinemadducerc·,ubi

58 2832 243 2891 bonorum
270 2829 405 2890 exitus
428 2830 633 2892 malisunt=
659 2839 692 2891 ut
706 2830 850 2892 Socrates
867 2832 984 2907 cogitur
998 2832 1029 2891 in

55 2929 181 2974 carcere
203 2914 295 2987 mori,
321 2912 452 2976 Rutilius
466 2915 495 2973 in
511 2916 604 2975 exilio
615 2916 735 2986 vivere,
759 2915 925 2990 Pompeius
939 2925 971 2976 et
982 2914 1028 2975 Gi

58 3015 130 3059 cern
146 2999 307 3058 clientibus
323 2999 390 3058 suis
404 2998 553 3073 praebere
568 3000 733 3072 cervicem,
757 2998 831 3060 Cato
848 3000 912 3073 ille,
936 2999 1029 3058 virtu-

57 3091 119 3143 tum
135 3082 204 3141 viva
218 3083 336 3156 imago,
357 3081 537 3144 incumbens
550 3084 652 3158 gladio
668 3081 757 3143 simul
772 3084 811 3143 de
827 3098 862 3142 sc
876 3097 913 3142 ac
930 3083 969 3142 de
982 3096 1028 3141 re-

57 3167 180 3242 publica
202 3167 302 3241 pulam
325 3167 435 3227 lacere.
471 3168 606 3227 Necesse
627 3175 674 3227 est
696 3167 833 3241 torqueri
854 3175 914 3226 tam
927 3165 1031 3242 iniqm

59 3250 192 3325 praemia
208 3252 359 3312 fortunam
375 3260 570 3326 persolvere:
597 3263 627 3311 et
642 3252 715 3326 quid
730 3251 788 3310 sibi
805 3251 936 3326 quisque
950 3265 1031 3312 nunc

58 3342 175 3410 speret,
191 3351 260 3395 cum
274 3334 376 3396 videat
390 3336 526 3411 pessima
540 3336 673 3410 optimos
689 3336 772 3411 petit
786 3333 863 3408 outo
878 3349 952 3410 ergo
962 3335 1060 3397 estin

57 3420 129 3479 vide
152 3420 307 3492 quomodo
332 3421 463 3495 quisque
484 3420 602 3480 illorum
623 3420 738 3493 tulerit,
763 3427 793 3480 et
814 3420 840 3478 si
856 3421 950 3480 lortes
966 3421 1030 3480 lne-

56 3512 141 3575 runt,
164 3503 303 3578 ipsorum
328 3504 396 3566 illos
422 3505 539 3565 animos
567 3503 718 3564 desidera.
752 3502 779 3564 si
799 3503 982 3565 muliebriter
1002 3510 1030 3564 ct

99 3607 200 3646 ennaea
214 3607 284 3645 auin.
301 3592 320 3644 l.
850 3595 886 3647 tt
