2438 3968
266 261 367 320 DlAL.
389 260 441 320 lV.
475 259 526 318 DE
549 260 617 320 itta
637 260 708 319 ΗΒ.
732 260 766 318 11.
789 267 919 322 21—25.
1039 258 1081 320 69

104 411 213 472 medici
240 419 376 484 caveret,
397 417 554 486 acceptam
571 409 725 485 potionem
740 426 801 471 non
817 412 979 472 deterritus
996 411 1079 472 bibit.

103 496 174 557 Plus
191 495 248 556 sibi
264 495 303 554 de
317 495 415 555 amico
430 510 487 556 suo
503 495 640 554 credidit.
673 495 783 568 dignus
800 495 855 556 luit
869 496 921 571 qui
936 497 1109 562 innocen-3

104 590 164 641 tem
180 578 319 652 haberet,
345 579 456 653 dignus
473 580 525 652 qui
542 580 662 638 laceret.
707 579 773 639 Hoc
797 595 834 641 eo
850 580 947 656 magis
964 580 994 639 in
1009 581 1080 640 Ale·

103 665 222 724 xandro
239 663 343 736 laudo,
368 663 440 738 quia
460 678 548 722 nemo
569 668 628 722 tam
650 663 803 723 obnoxius
824 664 888 723 irae
911 664 974 725 tuit.
1019 679 1080 740 quo

103 749 201 808 maior
224 753 326 809 autem
350 746 517 807 moderatio
536 746 566 805 in
591 746 724 821 regibus,
741 747 800 808 hoc
815 748 968 807 laudanda
987 748 1082 822 magis

104 838 161 893 est.
193 829 276 891 Fecit
298 830 357 891 hoc
372 838 402 891 et
415 830 436 888 l.
452 829 565 891 Caesar
584 829 634 889 ille
650 832 701 906 qui
717 832 844 892 victoria
861 830 942 891 civili
954 831 1113 892 clemen-4

105 916 223 977 tissime
242 930 318 976 usus
342 921 399 975 est.
433 929 501 975 cum
526 912 637 975 scrinia
661 916 916 991 deprehendisset
938 914 1081 991 epistula-

105 1017 171 1061 rum
187 1000 226 1058 ad
242 998 294 1058 Cn.
309 997 486 1074 Pompeium
502 998 662 1058 missarum
674 1000 711 1059 ab
726 1001 762 1059 iis
775 1000 827 1076 qui
842 999 1023 1060 videbantur
1033 1006 1084 1060 aut

105 1086 136 1144 in
148 1083 279 1145 diversis
291 1083 384 1144 autin
397 1082 510 1143 neutris
524 1082 619 1142 iuIsse
631 1085 776 1157 partibus,
790 1085 957 1145 conbussit.
974 1083 1082 1158 Quam·

106 1168 154 1229 vis
169 1168 325 1228 moderate
339 1169 453 1228 soleret
466 1165 567 1240 irasci,
582 1167 686 1227 maluit
701 1174 799 1228 tamen
816 1185 875 1229 non
889 1183 993 1243 posse.
1014 1183 1081 1243 gra-

105 1252 256 1314 tissimum
272 1252 387 1326 putavit
400 1266 497 1325 genus
514 1250 620 1310 veniae
635 1253 762 1325 nescire,
780 1252 853 1326 quid
869 1252 1000 1328 quisque
1013 1267 1083 1327 pec-

106 1344 218 1398 cesset.

168 1419 275 1481 xxiv.
306 1419 470 1479 Plurimum
491 1419 561 1477 mali
576 1418 740 1478 credulitas
756 1419 835 1478 lacit.
869 1435 964 1493 saepe
979 1428 1112 1484 nean-1

107 1504 252 1564 diendum
268 1502 391 1578 quidem
405 1510 463 1575 est,
477 1502 621 1577 quoniam
639 1499 669 1562 in
683 1502 866 1578 quibusdam
880 1503 972 1562 rebus
988 1501 1083 1562 satius

107 1597 155 1649 est
172 1587 272 1662 decipi
289 1602 380 1662 quam
395 1586 544 1646 diffidere.
576 1586 710 1646 tollenda
726 1601 763 1645 ex
786 1586 886 1646 animo
902 1584 1038 1661 suspicio
1055 1594 1085 1646 et

108 1673 290 1744 coniectura,
306 1670 501 1730 fallacissima
516 1668 716 1730 inritamenta:
730 1671 1077 1746 „illemeparumhuma

108 1772 147 1815 ne
161 1754 311 1815 salutavit.
351 1753 400 1814 ille
416 1753 523 1814 osculo
540 1768 608 1814 meo
624 1771 685 1815 non
701 1753 848 1815 adhaesit.
895 1755 945 1815 ille
961 1753 1084 1814 inchoa·

108 1849 168 1900 tum
187 1854 359 1899 sermonem
375 1837 434 1899 cito
451 1837 579 1912 abrupit.
611 1837 660 1897 ille
677 1838 716 1897 ad
734 1854 860 1898 coenam
878 1855 936 1899 non
953 1839 1083 1899 vocavit.

109 1923 187 1983 illius
204 1924 304 1983 voltus
318 1923 457 1983 aversior
471 1922 558 1982 visus
570 1926 647 1982 est.“
668 1922 733 1983 Non
742 1923 839 1982 deerit
854 1923 1023 1998 suspicioni
1039 1939 1114 1992 aro

107 2007 307 2082 gumentatio=
323 2006 515 2081 simplicitate
530 2022 609 2081 opus
624 2014 715 2067 estet
734 2007 865 2082 benigna
878 2023 979 2067 rerum
994 2008 1084 2066 aesti-
1155 2069 1159 2076 ,

106 2091 249 2151 mationa.
283 2090 356 2150 nihil
370 2089 429 2151 nisi
444 2090 528 2167 quod
542 2091 572 2149 in
594 2091 701 2151 oculos
723 2091 854 2152 incurret
878 2091 1084 2152 manifestum·

107 2191 168 2251 que
197 2175 254 2235 erit
281 2175 442 2236 credamus
470 2180 501 2236 et
529 2176 671 2251 quotiens
701 2173 837 2249 suspicio
869 2183 974 2236 nostra
1004 2191 1085 2235 vana

107 2258 293 2334 adparuerit,
311 2259 507 2334 obiurgemus
522 2258 739 2320 credulitatem.
766 2260 842 2320 haec
858 2260 937 2320 enim
954 2257 1083 2335 castiga·

108 2342 149 2403 tio
166 2343 419 2405 consuetudinem
435 2344 547 2404 efficiet
567 2359 627 2403 non
642 2343 730 2403 lacile
745 2343 900 2403 credendi.

172 2428 263 2488 XXV.
293 2427 368 2488 lude
390 2434 421 2487 et
440 2428 514 2488 illud
535 2427 686 2502 sequitur,
713 2435 745 2487 ut
759 2426 890 2488 minimis
909 2425 1113 2489 sordidissi·l

109 2509 230 2586 misque
251 2511 343 2572 rebus
364 2528 426 2573 non
443 2512 671 2572 exacerbamur.
702 2510 811 2571 Parum
832 2513 920 2586 agilis
942 2517 990 2571 est
1011 2526 1086 2586 puer

107 2601 159 2656 aut
174 2595 303 2671 tepidior
314 2612 394 2670 aqua
410 2602 520 2671 poturo
536 2602 588 2656 aut
601 2596 737 2655 turbatus
749 2602 833 2656 torus
848 2603 900 2655 aut
913 2609 1020 2654 mensa
1033 2610 1084 2654 ne-

106 2680 277 2755 glegentius
293 2679 410 2754 posita:
432 2681 472 2740 ad
491 2681 549 2739 ista
569 2678 713 2740 concitari
729 2677 847 2738 insania
862 2688 917 2740 est.
951 2693 1043 2753 aeger
1056 2686 1086 2739 et

106 2763 237 2825 inieliois
252 2763 426 2824 valitudinis
441 2771 488 2824 est
502 2779 592 2839 quem
607 2763 683 2822 levis
699 2779 771 2822 aura
789 2763 952 2836 contraxit,
974 2762 1085 2823 adiecti

107 2848 188 2908 oculi
208 2865 287 2923 quos
303 2848 433 2908 candida
445 2848 539 2908 vestis
552 2847 701 2918 obturbat,
717 2847 884 2908 dissolutus
899 2846 1016 2907 deliciis
1033 2862 1084 2906 cu·

107 2931 155 2992 ius
171 2933 250 2992 latus
262 2932 361 2993 alieno
373 2933 478 2992 labore
491 2930 655 2992 condoluit.
677 2930 881 3009 Mindyridem
892 2930 976 2991 aiunt
990 2930 1113 2994 suissed

106 3035 147 3078 ex
168 3015 378 3094 Sybaritarum
404 3016 533 3077 civitate.
578 3016 630 3090 qui
650 3030 717 3074 oum
733 3015 861 3075 vidisset
876 3016 1039 3076 fodientem
1056 3022 1087 3074 et

106 3101 196 3161 altius
208 3105 339 3160 restrum
356 3099 556 3170 adlevantem,
575 3100 692 3160 lassum
710 3115 745 3158 se
764 3098 829 3159 fieri
849 3105 976 3174 questus
993 3099 1087 3159 vetuit

105 3187 190 3246 illum
208 3202 288 3260 opus
305 3186 335 3245 in
355 3193 524 3259 conspectu
545 3200 602 3245 suo
621 3184 731 3243 lacere.
771 3183 862 3242 bilem
886 3183 999 3243 babere
1016 3197 1085 3242 sae·

107 3270 177 3345 pius
191 3277 318 3344 questus
334 3276 389 3342 est,
406 3270 487 3344 quod
502 3269 582 3328 loliis
600 3284 692 3328 rosae
706 3266 866 3342 duplicatis
887 3267 1085 3329 incubuisset.

106 3354 166 3416 Ubi
184 3353 316 3414 animum
331 3353 421 3413 simul
437 3361 467 3413 et
483 3369 597 3426 corpus
617 3352 789 3426 voluptates
808 3366 988 3428 corrupere,
1014 3350 1114 3410 nihils

107 3437 266 3499 tolerabile
285 3437 412 3510 videtur,
424 3451 485 3496 non
501 3437 572 3511 quia
587 3436 672 3506 dura,
691 3435 746 3495 sed
764 3435 836 3510 quia
852 3433 952 3495 mollis
965 3435 1084 3509 patitur.

107 3521 184 3599 quid
203 3528 251 3582 est
263 3521 351 3597 enim,
371 3535 425 3584 eur
444 3518 537 3582 tussis
552 3520 679 3581 alicuius
692 3523 1092 3580 autstemutamentumaut
