2438 3968
156 113 217 177 116
344 115 376 172 L.
400 113 543 172 ANNAEl
567 112 740 173 SENECAE
761 115 862 174 nint.
883 115 935 174 Vl.

156 269 253 328 luisse
268 264 326 326 sibi
347 266 491 326 contessa
505 272 565 338 est,
587 267 655 339 plus
676 281 766 341 quam
788 268 933 342 populum
948 269 1131 342 Romanum,

157 367 247 427 quem
262 349 384 410 nolebat
396 349 511 410 tristem
522 349 640 410 tristitia
652 365 708 409 sua
719 351 827 424 lacere,
844 353 912 425 plus
925 367 1015 426 quam
1025 353 1131 429 Augu-

156 443 251 508 stum,
271 432 323 509 qui
338 434 489 494 subducto
504 434 599 492 altero
615 432 797 494 adminiculo
812 434 960 495 titubabat
974 452 1031 496 nec
1046 438 1131 497 luctu

157 535 282 580 suorum
305 516 497 577 inclinandus
523 523 602 590 erat,
636 519 705 591 plus
735 534 824 593 quarn
849 519 1001 579 Tiberium
1025 519 1130 595 lilium,

157 603 244 662 cuius
261 602 359 677 pietas
381 601 546 672 efficiebat,
568 608 601 660 ut
621 601 650 659 in
667 603 717 663 illo
734 603 843 662 acerbo
859 610 890 663 et
904 601 1016 664 defleto
1031 604 1130 678 genti·

128 687 213 748 tbus
229 687 334 746 sunere
348 684 420 743 nihil
437 684 494 744 sibi
509 683 567 743 nisi
589 701 745 745 numerum
767 687 878 746 deesse
899 687 1032 747 sentiret.
1063 687 1130 763 Hic,

156 778 189 831 ut
202 771 325 845 opinor,
349 769 448 828 aditus
465 768 506 827 illi
527 769 596 842 luit,
618 769 677 829 troc
692 769 872 844 principium
887 770 971 846 apud
986 771 1129 831 laminam
1218 800 1219 803 ¹

158 853 310 930 opinionis
337 868 412 913 suae
443 853 599 912 custodem
631 852 907 927 diligentissimam
946 853 1075 929 „Usque
1099 855 1129 914 in

157 939 238 998 hunc
253 938 347 1010 diem,
363 937 454 1009 lulla,
478 943 621 1011 quantum
640 937 761 1011 quidem
778 953 835 1012 ego
849 937 962 1013 sciam,
979 939 1130 999 adsiduus

158 1022 214 1082 viri
229 1021 271 1081 tui
286 1036 399 1092 comes,
413 1020 461 1080 cui
476 1037 537 1081 non
553 1027 664 1081 tantum
681 1037 760 1095 quae
775 1021 804 1079 in
820 1020 972 1096 publicum
989 1021 1131 1083 emittun-

158 1114 206 1166 tur
220 1112 306 1179 nota,
329 1106 385 1166 sed
407 1120 513 1164 omnes
534 1111 605 1164 sunt
625 1103 806 1165 secretiores
828 1107 995 1167 animorum
1011 1112 1130 1167 vestro·

157 1207 223 1250 rum
238 1196 348 1262 motus,
365 1188 475 1249 dedisti
487 1204 620 1270 operam,
635 1205 674 1247 ne
687 1189 759 1263 quid
771 1197 854 1249 esset
866 1191 950 1264 quod
961 1190 992 1250 in
1004 1198 1033 1251 te
1047 1188 1129 1265 quis-

125 1283 249 1349 lquam
271 1273 515 1349 reprehenderet.
547 1289 604 1333 nec
624 1274 655 1333 id
674 1272 704 1332 in
724 1272 888 1333 maioribus
910 1274 1001 1336 modo
1024 1274 1129 1334 obser-

159 1359 245 1433 vasti,
263 1360 317 1418 sed
332 1359 361 1417 in
377 1357 515 1431 minimis,
532 1374 570 1417 ne
586 1357 659 1433 qnid
673 1358 800 1429 laceres,
817 1358 865 1417 eui
879 1359 998 1432 lamam,
1013 1357 1128 1418 uberri-

158 1462 236 1505 mam
266 1444 433 1518 principum
460 1441 607 1516 iudicem,
632 1442 727 1501 velles
757 1441 927 1515 ignoscere.
959 1457 1017 1502 nec
1046 1441 1128 1518 quic·

90 1579 93 1585 ,
160 1545 251 1603 quarn
277 1526 433 1603 pulchrius
459 1527 598 1585 existimo
620 1541 711 1601 quam
731 1526 760 1584 in
784 1542 902 1587 summo
924 1527 1046 1602 fastigio
1069 1527 1129 1586 col·

160 1613 273 1672 locatas
289 1613 447 1671 multarum
463 1626 563 1669 rerum
578 1609 697 1669 veniam
712 1610 794 1683 dare,
809 1610 920 1670 nullius
933 1616 1052 1686 petere=
1068 1625 1130 1669 ser·

159 1696 279 1754 vandus
301 1695 403 1768 itaque
424 1693 476 1754 tibi
501 1695 531 1752 in
553 1694 610 1752 hac
633 1709 756 1769 quoque
777 1710 810 1752 re
831 1702 900 1754 tuus
921 1711 988 1755 mos
1003 1702 1067 1767 est,
1094 1707 1131 1752 ne

162 1779 235 1854 quid
251 1778 428 1850 committas,
445 1778 640 1851 quodminus
656 1779 780 1836 aliterve
795 1778 905 1837 sactum
919 1779 1006 1838 velis.

133 1869 147 1921 1
222 1864 259 1919 V.
273 1862 389 1921 Deinde
401 1877 455 1920 oro
469 1868 561 1935 atque
573 1862 712 1935 obsecro,
725 1876 763 1920 ne
776 1868 803 1919 te
818 1861 971 1922 difficilem
984 1860 1091 1923 amicis
1104 1867 1132 1920 et

162 1945 378 2006 intractabilem
395 1951 544 2019 praestes.
568 1960 627 2003 non
644 1945 780 2004 estenim
793 1946 875 2020 quod
887 1944 1010 2020 ignores
1024 1959 1131 2006 omnes

161 2032 219 2091 tros
233 2029 367 2101 nescire,
384 2029 638 2104 quemadmodum
654 2036 821 2103 sagenam,
840 2030 1004 2105 loquantur
1018 2028 1132 2105 aliquid

162 2131 265 2175 coram
284 2121 314 2173 te
336 2114 374 2173 de
388 2114 487 2173 Druso
503 2129 541 2172 an
557 2113 644 2186 nilril,
665 2128 703 2171 ne
719 2120 770 2173 aut
785 2113 896 2174 oblivio
912 2112 1074 2173 clarissimi
1089 2113 1133 2173 iu·

133 2200 248 2260 irenis
263 2199 304 2258 illi
320 2198 409 2258 iaciat
422 2197 561 2257 iniuriam
576 2204 628 2257 aut
641 2198 752 2257 mentio
769 2196 829 2257 tibi.
859 2197 930 2257 Cum
945 2197 1132 2257 secessimus

162 2292 191 2344 et
205 2282 235 2343 in
248 2299 339 2344 unum
352 2282 559 2355 convenimus,
577 2282 655 2340 lacta
667 2281 733 2340 eius
745 2280 887 2355 dictaque
900 2288 1012 2356 quanto
1025 2281 1134 2341 meruit

163 2374 309 2442 suspectu
324 2368 521 2427 celebramus.
550 2381 651 2426 corant
668 2372 696 2424 te
711 2367 802 2425 altum
816 2365 906 2426 nobis
921 2365 960 2424 de
974 2364 1026 2423 illo
1042 2364 1133 2424 silen-

162 2453 235 2513 tium
250 2456 310 2510 est:
334 2467 420 2510 cares
436 2449 539 2523 itaque
553 2447 685 2509 maxima
708 2450 877 2524 voluptate,
900 2449 953 2508 lilii
973 2449 1015 2508 tui
1038 2448 1133 2508 laudi-

163 2537 229 2607 bus,
246 2550 323 2609 quas
338 2551 398 2593 non
414 2534 518 2594 dubito
535 2532 606 2609 quin
623 2535 670 2592 vel
685 2533 828 2607 inpendio
844 2533 937 2605 vitae,
954 2532 981 2592 si
996 2539 1133 2607 potestas

133 2619 266 2693 edetur,
291 2619 320 2676 in
347 2634 454 2678 nevum
482 2633 570 2677 omne
591 2617 633 2676 sis
658 2625 865 2692 prorogatum.
898 2616 997 2690 Quare
1019 2620 1133 2692 patere,

164 2702 254 2762 immo
271 2717 395 2761 accerse
413 2716 586 2773 sermones,
613 2701 723 2775 quibus
739 2701 789 2760 ille
809 2708 944 2760 narretur
963 2707 993 2759 et
1010 2705 1134 2775 apertas

165 2802 254 2847 aures
271 2786 382 2860 praebe
403 2785 569 2844 adnomen
590 2785 825 2859 memoriamque
845 2784 897 2844 lilii
917 2784 970 2843 tui.
1001 2799 1059 2844 nee
1075 2782 1135 2843 boe

164 2887 256 2946 grave
272 2869 396 2929 duxeris
412 2877 579 2929 ceterorum
595 2884 688 2940 more,
704 2869 799 2943 quiin
816 2868 964 2928 eiusmodi
976 2883 1053 2929 casu
1063 2881 1134 2942 par·

136 2963 221 3021 elem
244 2953 313 3013 mali
335 2960 439 3028 putant
458 2952 563 3013 audire
583 2953 698 3012 solatia.
731 2952 816 3012 Nunc
837 2951 999 3013 incubuisti
1020 2958 1084 3014 tota
1103 2951 1134 3011 in

165 3041 287 3099 alteram
310 3043 425 3111 partem
447 3045 476 3097 et
497 3036 588 3096 oblita
609 3035 764 3096 meliorum
791 3039 940 3096 fortunam
965 3043 1047 3096 tuam
1072 3052 1136 3111 qua

165 3123 297 3182 deterior
311 3127 357 3181 est
372 3121 515 3197 adspicis.
545 3136 605 3180 non
622 3121 796 3181 convertisti
810 3128 838 3180 te
853 3118 893 3178 ad
908 3119 1065 3181 convictus
1082 3119 1135 3180 lilii

165 3206 207 3266 tui
228 3221 438 3280 occursusque
459 3205 624 3278 iucundos,
652 3221 714 3264 non
740 3205 777 3262 ad
808 3203 937 3278 pueriles
964 3203 1135 3284 dulcesque

165 3289 340 3362 blanditias,
363 3305 423 3349 non
439 3290 477 3349 ad
499 3289 681 3348 incrementa
697 3288 873 3348 studiorum.
900 3287 1032 3348 ultimam
1052 3287 1135 3348 illam

166 3374 272 3434 taciem
288 3389 386 3433 rerum
405 3374 526 3447 premis.
558 3375 698 3444 inillam,
722 3373 809 3445 quasi
826 3387 930 3444 parurn
947 3371 1014 3445 ipsa
1030 3386 1086 3448 per
1102 3386 1136 3431 se
