2438 3968
188 248 230 312 46
482 250 515 308 L.
535 249 681 308 ANNAEI
702 247 876 308 SENECAE

161 397 409 471 4necessariam,
433 400 504 475 quia
524 413 619 474 saepe
637 398 801 458 validiores
821 399 907 457 furor
927 398 1036 457 reddit.
1070 397 1173 473 Quint

189 500 252 545 non
276 482 459 558 aliquotiens
484 490 582 543 metus
605 497 645 541 ex
668 482 819 542 contrario
845 482 917 542 lecit
940 481 1117 542 audacem?
1142 488 1172 544 et

188 568 296 628 mortis
316 567 405 627 timor
430 567 519 627 etiam
545 563 745 626 inertissimos
773 565 917 626 excitavit
934 565 965 624 in
991 565 1169 640 proelium

190 651 252 712 Sed
274 652 332 726 ira,
352 651 500 723 ebrietas,
521 657 619 710 metus
641 649 762 724 aliaque
777 649 927 709 eiusmodi
949 648 1043 710 foeda
1065 655 1098 712 et
1120 666 1172 711 ca.

190 736 269 796 duca
289 735 479 796 inritamenta
498 742 569 795 sunt
583 749 640 794 nec
653 732 794 794 virtutem
808 732 968 807 instruunt,
991 749 1075 807 quae
1096 733 1172 795 nihil

191 818 269 878 vitiis
291 825 374 893 eget,
397 820 452 880 sed
468 833 594 893 segnem
614 817 727 891 alioqui
742 817 873 879 animum
888 824 919 878 et
932 817 1080 892 ignavum
1095 833 1179 893 pau.

160 902 249 963 bium
271 903 422 963 adlevaat.
450 901 544 961 Nemo
565 902 727 961 irascendo
742 901 777 962 lit
790 901 911 975 sortior,
934 901 992 962 nisi
1008 901 1064 976 qui
1081 902 1173 964 torus

190 987 257 1047 sine
277 986 323 1045 ira
344 1002 406 1045 non
422 984 540 1046 luisset.
570 986 611 1045 ita
624 1001 685 1044 non
700 985 730 1046 in
744 984 927 1046 adiutorium
941 985 1062 1046 virtutis
1077 987 1171 1062 venit,

190 1070 248 1130 sed
267 1071 296 1129 in
312 1068 420 1129 vicem.
447 1069 523 1143 Quid
540 1069 638 1143 quod,
658 1069 684 1128 si
699 1069 812 1128 bonum
827 1075 911 1129 esset
924 1069 984 1142 ira,
1005 1070 1171 1143 perlectis·

190 1154 298 1214 simum
315 1168 468 1227 quemque
480 1159 679 1228 sequeretur?
697 1152 781 1227 atqui
795 1152 1021 1213 iracundissimi
1035 1152 1172 1215 iurantes

190 1251 345 1311 senesque
366 1243 396 1296 et
415 1235 499 1312 aegri
520 1243 599 1296 suut.
631 1244 661 1296 et
680 1236 843 1296 invalidum
861 1251 950 1296 omne
966 1244 1077 1297 natura
1095 1254 1171 1313 que

189 1320 289 1380 rulum
303 1326 359 1380 est

163 1411 178 1462 l
253 1404 331 1464 xlv.
354 1404 446 1477 „Non
467 1410 569 1479 potest
588 1401 685 1478 inquit
704 1403 769 1463 fieri
784 1402 1027 1478 Theophrastus,
1053 1412 1089 1465 ut
1108 1421 1170 1465 non

190 1488 237 1549 vir
258 1488 358 1549 bouus
373 1488 522 1550 irascatur
541 1488 658 1547 malis.“
685 1489 747 1548 Isto
769 1487 861 1549 modo
879 1503 939 1562 quo
960 1488 1071 1548 melior
1085 1491 1171 1563 quis·

191 1588 268 1649 que,
288 1572 349 1633 hoc
368 1571 543 1633 iracundior
564 1570 637 1633 erit:
658 1571 729 1631 vide
748 1585 787 1630 ne
802 1579 907 1632 contra
921 1570 1072 1644 placidior
1087 1574 1170 1635 solu·

162 1661 303 1731 itusque
326 1655 496 1716 adfectibus
518 1663 548 1716 et
567 1656 616 1716 cui
637 1671 725 1716 nemo
747 1654 818 1716 odio
839 1656 887 1716 sit.
919 1653 1080 1716 Peccantis
1095 1673 1170 1717 vero

193 1740 266 1815 quid
279 1739 372 1799 habet
386 1755 440 1799 cur
454 1740 566 1813 oderit,
582 1753 650 1799 cum
665 1753 753 1799 error
763 1740 832 1800 illos
846 1738 877 1799 in
892 1739 1042 1799 eiusmodi
1059 1740 1171 1802 delicta

192 1824 366 1898 conpellat?
379 1839 440 1882 non
456 1829 504 1882 est
517 1830 617 1883 autem
632 1823 789 1897 prudentis
805 1822 933 1882 errantis
949 1821 1072 1893 odisse3
1096 1825 1171 1886 alio·

192 1907 265 1982 quin
281 1905 349 1980 ipse
363 1905 421 1964 sibi
434 1905 504 1966 odio
516 1905 581 1965 erit.
603 1904 720 1980 Cogitet
730 1922 821 1981 quam
832 1906 926 1967 multa
938 1912 1044 1966 contra
1054 1906 1171 1969 bonum

191 2004 307 2050 morem
327 1987 433 2060 iaciat,
456 2003 545 2061 quam
565 1989 658 2048 multa
673 2004 713 2048 ex
726 1988 774 2050 his
790 2005 868 2063 quae
883 1989 958 2064 egit,
980 1990 1103 2050 veniam
1118 1992 1170 2051 de

192 2071 340 2134 siderentz
360 2071 419 2131 iam
440 2071 589 2132 irascetur
605 2073 693 2132 etiam
718 2073 785 2132 sibi.
819 2089 919 2148 neque
943 2073 1022 2132 enirn
1049 2091 1172 2151 aequus

192 2155 286 2217 iudex
309 2154 397 2215 aliam
420 2156 459 2215 de
485 2173 555 2229 sua,
580 2157 668 2216 aliam
688 2156 728 2216 de
755 2156 853 2216 aliena
874 2173 968 2218 eausa
987 2161 1172 2221 sententiam

162 2240 257 2301 aren.
285 2238 395 2310 Nemo,
415 2239 551 2314 inquam,
574 2240 743 2301 invenietur
764 2240 816 2315 qui
831 2257 866 2300 se
880 2239 978 2317 possit
993 2242 1171 2304 absolvere.

191 2330 222 2384 et
242 2324 435 2384 innocentem
456 2323 586 2398 quisque
614 2340 648 2386 se
669 2323 741 2384 dicit
761 2324 931 2400 respiciens
951 2331 1079 2401 testem,
1110 2344 1172 2390 nou

192 2407 417 2469 conscientiam.
457 2405 574 2481 Quanto
594 2407 755 2468 humanius
775 2409 876 2469 mitem
904 2418 934 2470 et
955 2409 1087 2484 patrium
1109 2412 1173 2472 ani·

191 2507 273 2552 mum
288 2496 444 2566 praestare
459 2491 657 2566 peccantibus
673 2500 703 2552 et
717 2492 786 2553 illos
801 2509 862 2553 nou
877 2493 1031 2567 persequi,
1051 2495 1112 2556 sed
1126 2511 1173 2556 re-

191 2581 317 2636 vocaret
345 2575 503 2635 Errantem
526 2591 579 2650 per
599 2592 690 2650 agros
710 2573 881 2650 ignorantia
901 2578 970 2636 viae
992 2577 1104 2639 melius
1126 2586 1174 2641 est

83 2690 87 2699 ·
193 2658 230 2717 ad
244 2664 360 2718 rectum
374 2659 430 2717 iter
444 2659 608 2720 admovere
623 2676 713 2734 quam
728 2661 892 2735 expellere.

164 2746 178 2796 1
252 2741 317 2801 XV.
330 2741 532 2818 Corrigendus
547 2752 595 2805 est
605 2741 717 2819 itaque,
731 2742 782 2819 qui
795 2750 909 2819 peccat
922 2751 952 2806 et
963 2743 1174 2807 admonitione

192 2833 222 2886 et
237 2823 281 2898 vi,
297 2831 327 2884 et
342 2825 470 2886 molliter
487 2833 517 2888 et
530 2841 649 2902 aspere,
663 2827 831 2902 meliorque
846 2833 905 2888 tam
920 2827 979 2889 sibi
994 2844 1089 2901 quam
1103 2829 1173 2892 aliis

192 2907 352 2970 faciendus
372 2925 434 2970 non
454 2909 521 2970 sine
536 2909 748 2987 castigatione,
769 2912 825 2973 sed
840 2912 907 2971 sine
920 2912 974 2972 ira.
1003 2911 1075 2986 quis
1090 2914 1173 2975 enim

192 2992 241 3054 oui
256 2991 394 3052 medetur
407 2993 567 3055 irasciturt
580 3001 611 3055 at
624 2995 734 3070 corrigi
748 3001 903 3070 nequeunt
917 2995 1053 3072 nihilque
1065 2995 1097 3056 in
1113 2997 1173 3059 illis

191 3077 261 3138 lone
281 3082 333 3135 aut
349 3075 422 3152 spei·
437 3076 538 3138 bonae
557 3094 657 3155 capax
678 3085 740 3142 esu
762 3080 905 3141 tollantur
919 3095 936 3139 e
951 3086 1042 3141 coetu
1057 3087 1173 3144 morta·

192 3159 263 3220 lium
279 3159 386 3220 tacturi
402 3158 508 3234 peiora
521 3178 600 3236 quae
616 3163 792 3239 contingunt
802 3171 833 3225 et
844 3179 905 3240 quo
916 3179 977 3223 uno
988 3163 1083 3225 modo
1097 3179 1174 3240 pos.-

162 3244 279 3316 tsunt,
302 3240 443 3304 desinant
464 3243 534 3304 malt
549 3261 635 3318 esse,
657 3247 714 3307 sed
728 3246 787 3308 hoc
802 3248 868 3307 sine
883 3245 965 3309 odio.
995 3247 1073 3321 Quid
1089 3249 1174 3311 enim

191 3333 253 3400 est,
275 3342 328 3387 cur
342 3326 458 3387 oderim
473 3343 557 3403 eum,
579 3329 628 3389 cui
649 3336 709 3390 tum
735 3331 864 3390 maxime
879 3347 1019 3406 prosum,
1042 3348 1117 3392 cum
1137 3334 1172 3395 il-

191 3412 251 3470 lum
273 3410 330 3470 sibi
351 3409 469 3486 eripiat
489 3411 565 3472 Num
588 3411 656 3487 quis
678 3415 812 3474 membra
834 3431 891 3475 sua
911 3421 983 3474 tunc
999 3415 1080 3489 odit,-
1101 3433 1174 3479 cum

189 3493 340 3555 abscidit?
356 3509 416 3555 uon
430 3501 477 3555 eat
490 3496 540 3556 illa
554 3495 613 3569 ira,
631 3498 687 3558 sed
701 3497 813 3558 misera
824 3497 951 3559 curatio.
972 3499 1114 3562 Rabidos
1130 3502 1174 3563 el·
