2438 3968
266 240 317 300 DE
336 239 554 300 Beevmnrn
568 238 696 297 VITAE.
717 245 813 299 3-6.
963 235 1018 297 201

64 398 112 450 cat
125 389 330 464 inmixtosqne
346 388 464 448 mediae
479 389 546 463 paci
561 395 591 448 et
601 387 728 462 imperio
740 387 846 446 hostes
858 388 1024 462 perdomat,

62 474 134 533 dum
154 473 232 533 ultra
252 473 389 532 Rhenum
410 479 439 531 et
457 472 628 546 Euphraten
651 477 681 530 et
697 472 864 531 Danubium
878 473 1024 532 terminos

61 565 177 628 movet,
198 556 226 614 in
243 557 311 630 ipsa
325 555 400 615 urbe
414 556 573 626 Murenae,
596 553 771 629 Caepionis,
789 554 910 630 Lepidi,
925 556 1022 630 ligna·

63 641 170 700 tiorum
192 641 222 698 in
243 655 312 699 eum
333 655 495 699 mucrones
521 637 715 699 acuebantur.
754 638 893 698 Nondum
918 639 1054 701 homme

62 724 211 798 effugeret
229 722 371 783 insidiasr
400 724 462 784 filie
483 730 513 782 et
532 730 576 782 tot
596 721 714 783 nobiles
734 723 860 783 iuvenes
879 722 1024 782 adulterio

61 810 144 867 velut
155 814 345 867 sacramento
357 806 457 866 adecti
467 806 525 866 lam
536 807 693 866 infractam
705 813 832 866 aetatem
842 806 1025 866 territabant.

62 892 194 967 plusque
209 891 357 950 etiterum
372 891 504 950 timenda
518 907 586 949 cnm
599 891 731 950 Antonio
746 890 861 950 mulier.
873 919 876 926 ·
890 889 966 950 haec
982 891 1024 950 ul·

62 991 133 1035 cera
149 991 216 1034 cum
231 974 310 1048 ipsis
321 972 463 1034 membris
475 972 661 1034 absciderat:
684 973 744 1033 alla
753 974 1024 1034 subnascebantur.

62 1060 145 1118 velut
157 1059 259 1134 [intra]
276 1073 369 1132 grave
384 1059 476 1119 multo
494 1059 641 1132 sanguine
659 1073 771 1133 corpus
783 1064 888 1133 perles
904 1073 1026 1132 semper

62 1142 182 1216 aliquae
196 1142 421 1215 rumpebantur.
444 1143 550 1217 ltaque
562 1143 654 1202 otium
670 1140 802 1216 optabat.
824 1141 853 1200 in
866 1141 956 1201 huius
967 1157 1025 1216 spe

63 1234 93 1284 et
113 1225 294 1299 cogitatione
314 1224 435 1286 labores
459 1227 524 1287 eius
544 1226 728 1289 residebant.
757 1225 817 1287 hoc
836 1231 942 1285 votum
962 1232 1026 1283 erat

61 1311 143 1382 eine,
164 1309 216 1383 qut
231 1310 292 1369 voti
307 1316 454 1384 conpotes
470 1311 570 1369 iacere
585 1315 712 1383 poterat

122 1393 160 1450 V.
193 1392 315 1453 Marcus
336 1392 440 1452 Cicero
466 1394 543 1453 inter
562 1392 718 1465 Catilinae,
747 1392 871 1452 Clodios
896 1393 1052 1458 lactatns1

61 1477 287 1550 Pompeiosque
311 1484 341 1537 et
366 1477 509 1548 Crassos,
539 1478 647 1551 partim
672 1477 851 1536 manifestos
876 1475 1025 1546 inimicos,

62 1559 169 1634 partim
191 1560 300 1620 dubios
322 1561 450 1632 amicos,
471 1561 541 1621 dum
558 1559 721 1620 fluctuatur
740 1576 809 1619 cum
826 1557 982 1634 republica
995 1567 1026 1618 et

62 1645 142 1703 illem
157 1659 283 1717 pessum
297 1650 418 1703 euntem
432 1652 528 1716 tenet,
546 1643 712 1703 novissime
723 1643 886 1715 abductus,
908 1657 965 1702 nec
977 1657 1024 1702 se·

62 1728 170 1787 condis
190 1726 282 1786 rebus
305 1729 426 1801 quietus
440 1743 497 1786 nec
512 1728 709 1787 adversarum
725 1727 859 1801 patiens,
882 1727 1023 1802 quotiens

61 1812 142 1870 illum
164 1813 265 1886 ipsum
286 1811 475 1871 consulatum
496 1828 584 1871 sunm
598 1827 658 1870 non
675 1811 742 1871 sine
756 1826 864 1884 causa,
887 1811 944 1871 sed
958 1811 1023 1871 sine
1099 1875 1111 1917 x

61 1895 122 1954 line
142 1895 295 1955 laudatum
316 1895 502 1954 detestatur?
536 1895 631 1969 Quem
646 1894 763 1992 Qbiles
777 1910 871 1955 voces
887 1893 1056 1970 exprimite
1105 1947 1110 1957 ,

62 1981 90 2037 in
110 1981 240 2052 quedem
255 1977 295 2037 ad
309 1979 440 2038 Atticum
455 1978 586 2053 epistula
599 1979 658 2038 iam
673 1971 855 2054 increpare
869 1979 1024 2053 Pompeio,

62 2063 161 2123 adhuc
172 2063 234 2123 filio
247 2063 276 2121 in
287 2063 436 2136 Hispania
447 2064 541 2122 inacta
553 2080 635 2122 erma
644 2064 821 2123 reloventet
841 2063 919 2134 Ouid
927 2080 1025 2135 apem,

61 2146 172 2222 inquit,
199 2149 248 2208 hio
266 2144 407 2221 quaeras?
436 2164 534 2208 moror
552 2150 584 2207 in
608 2147 772 2208 Tusculano
790 2163 854 2207 meo
870 2147 1025 2206 rentiliber.

61 2231 121 2289 elia
135 2229 280 2306 deinceps
296 2231 401 2304 adicit,
417 2231 528 2305 quibus
543 2239 574 2292 et
584 2230 716 2305 priorem
728 2238 856 2291 aetatem
867 2230 1026 2302 conploret

62 2321 91 2372 et
107 2314 145 2372 de
160 2315 313 2387 praesenti
329 2316 462 2389 queritur
476 2322 507 2374 et
520 2315 559 2375 de
575 2315 675 2375 lutura
689 2315 840 2389 desperat.
870 2312 1054 2373 Semilibe-3

61 2413 127 2455 rum
143 2414 177 2456 se
192 2398 266 2456 dixit
281 2396 402 2458 Cicero:
429 2406 460 2457 at
473 2399 661 2458 mehercules
677 2413 840 2472 numquam
855 2395 979 2469 sapiens
994 2395 1023 2453 in

62 2489 120 2540 tam
143 2480 255 2540 humile
274 2497 384 2541 nomen
412 2483 567 2556 procedet,
598 2497 762 2556 numquam
783 2479 936 2540 semiliber
959 2479 1023 2549 erit,

60 2565 194 2638 integrae
208 2580 329 2638 semper
343 2565 488 2626 libertatis
502 2572 533 2624 et
543 2567 675 2639 solidae,
697 2565 829 2636 solutus,
852 2570 882 2624 et
892 2563 939 2622 sui
950 2562 1024 2641 iuris

60 2655 90 2707 et
110 2649 197 2708 altior
218 2648 336 2709 ceteris.
370 2649 443 2722 quid
463 2650 542 2708 enim
557 2666 732 2724 snpraeum
747 2653 949 2723 potestesse,
973 2645 1024 2720 qni

61 2747 154 2806 supra
169 2732 320 2792 fortunam
336 2739 403 2791 est‘t

121 2817 172 2874 Vl.
194 2816 299 2877 Livius
313 2817 447 2888 Drusus,
468 2817 515 2874 vir
529 2832 600 2876 acer
614 2825 644 2877 ct
658 2816 837 2888 vehemens,
857 2832 924 2875 cnm
940 2815 1024 2888 leges
1037 2831 1051 2881 1

59 2914 156 2959 novas
171 2908 201 2960 et
214 2900 294 2959 mala
308 2899 484 2959 Gracchana
495 2900 655 2972 movisset,
672 2901 800 2975 stipatus
809 2897 921 2974 ingenti
931 2899 1024 2959 totius

60 2984 162 3043 ltaliae
182 2992 285 3057 coctu,
313 2984 428 3043 exitum
449 2999 551 3042 rerum
575 3001 636 3045 non
661 2985 839 3059 pervidens,
868 2999 944 3058 quas
968 2996 1024 3041 nec

60 3082 151 3141 agere
165 3068 275 3127 licebat
289 3084 345 3127 nec
360 3068 420 3127 iem
434 3065 560 3127 liberum
576 3076 641 3128 erat
655 3069 749 3128 semel
764 3066 921 3127 inchoatas
934 3066 1024 3124 relin-

61 3166 168 3225 quere,
198 3159 376 3212 exsecratns
399 3151 564 3224 inquietem
584 3168 603 3211 a
620 3151 793 3226 primordiis
811 3151 901 3210 vitam
916 3148 1025 3208 dicitur

61 3234 190 3295 dixisse:
222 3235 293 3309 „nni
308 3236 366 3294 sibi
386 3251 424 3294 ne
439 3250 533 3309 puero
550 3236 670 3309 quidem
686 3250 829 3309 umquem
845 3234 936 3293 ferias
953 3248 1023 3292 coo·

60 3318 196 3392 tiglsse.“
225 3320 329 3378 Ausus
344 3328 392 3379 est
406 3319 485 3378 enim
499 3325 529 3377 et
542 3320 676 3394 pupillus
690 3318 791 3378 adhuc
805 3325 835 3378 et
854 3323 1024 3392 praetexta·

59 3408 108 3460 tus
129 3400 279 3462 iudicibus
300 3419 371 3464 reos
386 3403 599 3463 commendere
614 3409 644 3461 et
656 3402 781 3476 gratiam
797 3418 884 3461 suam
899 3402 965 3461 loro
980 3402 1023 3460 in-

59 3491 220 3560 terponere
247 3494 306 3545 tam
334 3488 496 3546 efficaciter
519 3486 655 3562 quidem,
679 3493 711 3546 ut
738 3486 886 3561 qneedam
913 3484 1026 3544 iudicia
