2438 3968
189 205 260 309 ‘100
490 249 522 307 a.
541 248 686 307 anunm
707 247 881 308 sunnone

198 416 232 460 se
248 398 414 472 castigabit.
444 399 576 475 denique
592 400 702 461 debeat
716 417 849 476 poenas:
864 419 925 463 non
941 411 994 464 εει
1009 408 1105 481 quod
1120 423 1182 469 curn

169 485 248 544 billa
264 483 349 558 paria
364 484 519 543 iaciamus.
551 485 628 544 illud
643 501 703 544 non
720 486 820 545 veniet
839 485 869 544 in
886 485 1035 563 dubium,
1064 492 1139 567 quin
1151 507 1181 553 se

198 568 342 628 exemerit
356 568 462 628 turbae
482 575 512 627 ει
526 569 615 628 altius
630 569 745 628 steterit
760 567 900 644 quisquis
916 570 1075 645 despexit
1088 578 1180 637 iaces·

198 657 317 711 sentes:
334 652 490 726 proprium
505 661 552 712 est
566 652 781 726 magnitudinis
796 669 888 713 verae
902 669 966 713 non
978 657 1106 719 sentire
1117 676 1179 735 per

198 751 330 798 cussum.
352 735 403 795 Sic
418 735 547 794 inmanis
563 738 628 795 fera
643 737 682 794 ad
696 739 834 796 latratum
851 752 962 797 canum
974 739 1067 801 lenta
1077 757 1178 819 respc-
1215 768 1217 779 ·

197 819 248 879 xit
276 820 321 880 sic
335 819 441 880 inritus
462 820 575 894 ingenti
591 822 720 893 scopulo
736 820 847 880 fluctus
863 821 1010 882 adsultat
1048 825 1109 900 Qui
1122 843 1177 889 uon

197 903 345 976 irascitur,
358 905 563 964 inconcussus
576 904 683 962 iniuria
697 905 832 978 perstitit,
847 903 898 978 qui
908 905 1070 983 irascitur,
1082 918 1177 972 motus

168 993 252 1047 test.
275 989 314 1047 At
327 987 385 1059 itte,
402 1003 493 1062 quem
507 988 599 1048 modo
615 989 750 1047 altiorem
766 988 847 1049 omni
861 987 1069 1054 incommodo
1083 995 1177 1070 posui,

197 1078 280 1131 tenet
294 1073 437 1146 amplexu
453 1072 586 1146 quodam
602 1088 750 1131 summum
767 1073 889 1132 bonum.
911 1088 970 1133 nec
981 1073 1108 1137 homini
1119 1085 1177 1139 tan·

196 1163 274 1226 tum,
302 1155 357 1215 sed
378 1155 438 1230 ipsi
459 1156 596 1216 fortunae
616 1157 799 1230 respondet:
829 1157 951 1231 „omnia
971 1156 1054 1221 licet
1077 1162 1176 1235 facias,

197 1240 296 1299 minor
309 1255 352 1312 es,
370 1256 459 1314 quam
475 1247 507 1299 ut
521 1240 713 1300 serenitatem
727 1257 824 1301 meam
841 1240 990 1301 obducas.
1022 1251 1113 1306 vetat
1125 1246 1176 1307 hoc

196 1324 288 1395 ratio,
310 1325 358 1383 cui
375 1324 466 1384 vitam
487 1324 651 1398 regendam
672 1325 752 1384 dedi.
787 1326 855 1399 plus
876 1324 948 1383 mihi
971 1329 1124 1391 nocitura
1137 1338 1177 1390 εει

197 1409 241 1468 ira
263 1400 353 1483 quam
374 1407 491 1469 iniuria.
524 1408 630 1483 quidni
651 1409 742 1482 ptust
763 1408 843 1467 iliius
864 1408 976 1468 modus
993 1421 1107 1475 certus
1122 1421 1175 1474 est:

197 1493 255 1552 ista
270 1509 431 1568 quousque
446 1509 494 1552 me
508 1494 606 1552 latura
620 1491 659 1551 sit
673 1491 797 1551 dubium
813 1496 891 1552 cst.“

170 1591 184 1641 1
258 1577 364 1636 XXVI.
386 1577 472 1650 „Non
488 1592 623 1652 possum,
638 1575 749 1650 inquis,
768 1576 838 1650 pati.
860 1591 954 1650 grave
969 1585 1022 1639 εει
1039 1579 1175 1643 iniuriam

198 1661 378 1721 sustinere.“
392 1661 538 1721 Mentiris.
555 1660 624 1735 quis
640 1660 718 1720 enim
733 1660 872 1720 iniuriam
886 1676 949 1720 non
964 1669 1081 1735 potest
1093 1666 1173 1739 ieme,

199 1743 251 1818 qui
268 1751 368 1817 potest
381 1744 476 1803 iramt
497 1743 584 1804 adice
595 1761 675 1804 nunc
687 1742 813 1819 quodid
825 1745 901 1818 agis
916 1749 950 1804 ut
961 1752 992 1804 et
1004 1746 1091 1809 iram
1102 1751 1174 1810 feras

198 1833 228 1885 ει
242 1826 390 1885 iniuriam.
413 1829 512 1900 Quare
527 1829 588 1887 fers
603 1829 685 1902 aegri
700 1828 815 1887 rabiem
830 1835 860 1887 et
875 1828 1053 1903 phrenetici
1068 1834 1175 1894 verbat

104 1907 105 1911 ’
200 1925 362 1983 puerorum
374 1920 534 1983 protervas
546 1919 675 1971 manus?
695 1926 804 1986 nempe
817 1913 887 1985 quia
899 1910 1051 1975 videntur
1061 1918 1174 1978 nescire

199 1992 272 2069 quid
286 1994 411 2053 iaciant:
434 1992 507 2069 quid
521 1994 658 2066 interest,
683 2013 743 2071 quo
766 1996 897 2070 quisque
911 1995 985 2057 vitio
1002 1997 1065 2062 fiet
1078 2002 1173 2079 inpru-

200 2079 298 2136 denst
340 2078 533 2151 inpmdentia
564 2094 619 2152 par
649 2078 679 2138 in
711 2079 851 2140 omnibus
883 2081 1096 2152 patrocinium
1125 2091 1173 2147 ost

171 2175 188 2226 2
200 2160 298 2236 „Quid
312 2168 407 2236 ergo?
421 2163 529 2237 inquis,
544 2163 656 2237 inpune
668 2163 709 2222 ilii
721 2163 821 2221 eritt“
842 2163 918 2223 Puta
927 2170 958 2223 ιε
969 2167 1068 2243 velle,
1081 2177 1172 2230 mmcd

200 2263 260 2307 non
282 2246 346 2305 erit.
374 2247 505 2305 maxima
525 2255 572 2307 est
585 2248 664 2307 enim
680 2248 778 2306 iactae
793 2247 918 2307 iniuriae
932 2263 1041 2322 poena
1058 2252 1172 2323 iecisse,

199 2345 256 2389 nec
278 2329 439 2405 quisquam
460 2332 585 2405 gravius
601 2331 741 2391 adficitur
758 2348 849 2404 quam
865 2331 916 2406 qui
931 2333 971 2390 ad
985 2336 1172 2411 supplicium

170 2428 186 2480 3
200 2414 403 2489 poenitentiae
420 2415 556 2475 traditur.
587 2416 702 2474 Deinde
717 2416 756 2474 ad
772 2415 985 2475 condicionem
998 2432 1113 2481 rerum
1126 2419 1171 2480 hu

200 2515 353 2558 manamm
367 2498 592 2574 respiciendum
607 2508 662 2568 est,
677 2507 710 2558 ut
724 2497 856 2558 omnium
867 2499 1077 2563 accidentium
1088 2500 1173 2580 aequi

200 2582 317 2642 iudices
338 2583 443 2642 simus.
476 2583 597 2657 iniquus
615 2591 712 2642 autem
728 2591 789 2654 est,
812 2581 864 2656 qui
885 2599 1054 2646 commune
1074 2589 1172 2649 vitiat·

199 2666 327 2740 singuiis
349 2666 474 2726 obiecit:
503 2683 563 2725 non
585 2672 632 2726 est
647 2666 806 2741 Aethiopis
826 2666 902 2725 inter
916 2682 991 2727 suos
1009 2669 1172 2747 insignitus

200 2750 299 2822 color,
316 2765 373 2809 nec
386 2752 472 2810 ruius
489 2751 580 2810 crinis
595 2757 625 2809 et
639 2758 763 2809 coactus
778 2751 807 2809 in
823 2751 936 2809 nodum
951 2753 1040 2824 apud
1055 2754 1172 2816 Germa·

199 2849 257 2893 nos
278 2833 374 2892 virum
395 2834 533 2894 dedecet.
565 2832 638 2892 nihii
659 2834 688 2891 in
709 2851 769 2893 uno
791 2833 941 2894 iudicabis
966 2838 1173 2900 notabilem
1208 2867 1210 2884 r

201 2918 332 2991 ioedum,
349 2919 432 2992 quod
443 2919 523 2992 genti
538 2933 613 2976 suae
629 2917 780 2991 pubiicum
796 2924 851 2977 est.
867 2924 897 2977 et
910 2918 969 2977 ista
983 2936 1072 2994 quac
1082 2920 1172 2995 retuli,

200 3002 288 3062 unius
313 3002 448 3076 regionis
475 3008 566 3074 atque
590 3001 691 3074 anguli
713 3003 901 3060 consuetudo
923 3001 1081 3066 detendita
1111 3004 1173 3065 vito

199 3102 289 3159 nunc,
304 3094 417 3160 quanto
432 3086 462 3144 in
477 3085 514 3144 iis
526 3085 634 3145 iustior
645 3085 733 3144 venia
744 3085 792 3156 sit,
810 3101 888 3159 quac
900 3100 955 3160 per
966 3092 1070 3149 totum
1080 3102 1173 3165 genus
1214 3144 1217 3149 .

172 3167 363 3230 thumanum
388 3169 510 3243 volgata
536 3176 615 3229 sunt.
648 3166 759 3228 Omnes
780 3167 943 3228 inconsulti
963 3177 993 3229 ει
1021 3168 1173 3250 inprovidi

200 3268 321 3325 sumus,
337 3268 442 3313 omnes
459 3252 572 3323 incerti,
589 3250 716 3328 queruli,
732 3252 892 3312 ambitiosi.
915 3253 989 3328 quid
1006 3256 1173 3319 levioribu

200 3335 302 3394 verbis
327 3335 412 3396 uicus
438 3336 591 3411 publicum
615 3335 794 3396 abscondo?
825 3352 931 3396 omnes
953 3340 1027 3399 maii
1056 3356 1173 3404 sumum

202 3419 345 3494 quicquid
361 3419 462 3495 itaque
477 3419 506 3479 in
524 3421 582 3480 atio
598 3418 841 3495 reprehenditur,
863 3418 894 3479 id
909 3423 1173 3502 unusquisquam

201 3519 258 3563 suo
282 3501 351 3564 sinu
378 3504 519 3563 inveniet.
558 3504 634 3578 Quid
658 3504 737 3563 iliius
759 3503 920 3578 pallorem,
946 3504 1031 3568 iilius
1050 3512 1173 3573 maciem

135 3666 275 3736 A
