2438 3968
253 243 304 304 DE
318 241 650 317 TRANQUILLITATE
664 238 785 300 ANIMI.
800 247 826 303 i·
837 246 864 302 8·
979 236 1040 301 183

75 410 179 455 norem
203 395 380 454 damnorum
400 407 472 452 esse
492 387 657 450 materiam.
686 405 770 448 erras
791 388 886 464 enirn,
909 390 935 448 si
951 396 1040 464 putas

74 479 241 539 animosius
257 477 433 537 detrimenta
454 475 562 534 divitas
583 475 676 533 ferre:
697 471 835 532 maximis
849 473 1041 549 minimisque

75 561 256 638 corporibus
282 576 338 636 par
363 566 410 620 est
431 559 520 619 dolor
543 556 688 618 volneris.
727 557 803 616 Bion
829 557 983 631 eleganter
1001 559 1070 632 aila

74 661 161 720 „non
186 643 287 705 minus
307 645 467 704 molestum
489 657 560 702 esse
582 639 789 715 calvisquam
810 640 937 700 comatis
962 640 1041 716 pilos

73 730 180 789 velli.“
219 729 303 788 ldem
332 727 413 788 scias
442 726 512 786 licet
540 724 578 785 de
608 723 796 798 pauperibus
823 724 1041 800 locupletibus·

75 829 151 889 que,
178 829 234 888 par
254 811 314 873 illis
335 827 407 871 esse
434 816 630 871 tormentum:
659 809 819 883 utriusque
843 807 920 867 euim
949 823 1043 883 pecu·

74 899 124 957 nia
152 913 210 956 sua
238 895 378 956 obhaesit
403 909 460 954 nec
491 894 558 954 sine
583 908 677 953 sensu
701 893 807 952 revelli
836 899 946 966 potest.
984 893 1043 952 To·

73 979 226 1040 ferabilius
241 987 341 1039 autern
357 983 420 1051 est,
441 985 474 1038 ut
493 976 573 1049 dixi,
595 975 775 1051 faciliusque
797 992 858 1037 non
879 975 1042 1052 adquirere

73 1080 165 1139 quam
181 1063 329 1135 amittere,
344 1063 476 1137 ideoque
490 1061 633 1121 laetiores
648 1060 766 1120 videbis
782 1076 861 1135 qnos
876 1076 1041 1136 numquam

74 1150 196 1207 fortuna
209 1147 361 1222 respexit,
385 1162 476 1221 quam
492 1161 571 1221 quos
587 1145 731 1204 deseruit.
759 1145 844 1204 Vidit
857 1144 916 1205 hoc
930 1144 1071 1219 Dioge-4

73 1248 144 1306 nes,
160 1231 207 1290 vir
221 1231 349 1305 ingentis
363 1230 467 1305 animi,
484 1237 514 1289 et
527 1227 643 1302 effecit,
663 1243 702 1288 ne
718 1228 791 1302 quid
807 1229 864 1288 sibi
879 1228 956 1303 eripi
967 1244 1041 1303 pos·

73 1324 129 1375 set.
146 1323 180 1375 tu
191 1315 272 1375 istud
286 1320 508 1389 paupertatem,
520 1311 667 1386 inopiam,
680 1318 845 1386 egestatem
856 1328 943 1387 voca,
958 1311 1042 1387 quod

72 1400 159 1459 voles
191 1398 424 1473 ignominiosum
455 1396 607 1456 securitati
631 1410 742 1455 nomen
767 1396 896 1470 inpone:
928 1395 1040 1470 putabo
1135 1449 1139 1458 .

72 1483 152 1542 hunc
166 1498 229 1543 non
244 1497 316 1542 esse
329 1482 461 1554 felicem,
478 1481 503 1539 si
516 1495 606 1555 quern
620 1478 691 1538 mihi
705 1480 795 1538 alium
809 1479 976 1554 inveneris,
992 1478 1041 1538 cui

73 1565 147 1625 nihil
163 1572 275 1640 pereat.
306 1572 357 1625 aut
369 1580 427 1638 ego
440 1564 542 1637 fallor,
564 1570 615 1622 aut
628 1578 755 1637 regnum
769 1569 817 1622 est
830 1564 907 1622 inter
921 1578 1040 1634 avaros,

75 1649 373 1722 circumscriptores,
399 1650 548 1719 latrones,
574 1647 740 1721 plagiarios
763 1663 858 1707 unum
882 1662 966 1720 esse,
992 1646 1041 1705 cui

73 1731 176 1792 noceri
196 1748 258 1792 non
274 1732 381 1807 possit.
410 1730 442 1791 Si
464 1731 532 1805 quis
548 1731 586 1790 de
601 1729 742 1790 felicitate
756 1729 902 1806 Diogenis
917 1730 1068 1802 dubitaug
1160 1803 1161 1807 Ἰ

73 1823 175 1890 potest
191 1817 271 1875 idem
286 1815 424 1876 dubitare
439 1822 468 1874 et
483 1814 521 1873 de
536 1814 662 1874 deorum
677 1813 878 1874 inmortalium
893 1821 986 1885 statu,
1003 1828 1041 1873 an

73 1916 181 1974 parurn
205 1900 294 1959 beate
318 1900 446 1973 degant,
474 1898 557 1973 quod
581 1898 641 1957 illis
661 1913 718 1956 nec
739 1898 864 1972 praedia
884 1913 941 1956 nec
961 1894 1041 1958 horti

73 1984 133 2043 sint
155 1999 211 2042 nec
233 1983 331 2043 alieno
353 1984 462 2042 colono
483 1998 555 2041 rura
570 1982 706 2056 pretiosa
720 1997 776 2040 nec
791 1981 907 2056 grande
928 1982 957 2040 in
973 1982 1040 2040 foro

73 2068 171 2127 fenus.
201 2083 262 2127 non
277 2073 307 2126 te
323 2067 431 2142 pudet,
446 2065 587 2141 quisquis
603 2063 715 2125 divitiis
730 2065 900 2140 adstupesa
919 2065 1041 2140 respice

72 2151 201 2225 agedum
217 2152 378 2211 mundum:
395 2151 493 2210 nudos
510 2149 629 2209 videbis
644 2150 738 2222 deos,
754 2150 855 2208 omnia
870 2149 977 2208 dantes
994 2146 1040 2206 ni·

73 2234 113 2292 nil
128 2234 285 2294 habentes.
315 2236 402 2294 llunc
415 2242 448 2294 tu
463 2249 629 2308 pauperem
643 2239 732 2308 putas
748 2250 786 2292 an
803 2234 850 2293 dis
868 2230 1040 2292 immortali·

72 2317 131 2376 bus
147 2319 289 2392 similem,
311 2318 363 2392 qui
377 2333 412 2378 se
426 2317 556 2377 fortuitis
571 2317 712 2377 omnibus
727 2317 831 2376 exulta
862 2315 1069 2380 Felicioremo

72 2407 105 2458 tu
120 2401 302 2461 Demetrium
315 2401 532 2476 Pompeianum
551 2416 662 2470 vocas,
685 2416 776 2475 quern
797 2416 858 2460 nou
875 2399 982 2474 puduit
996 2398 1040 2456 lo-

74 2483 271 2558 cupletiorem
291 2500 362 2544 esse
383 2484 549 2559 Pompeio?
577 2499 720 2543 numerus
741 2484 782 2543 illi
804 2483 914 2543 cotidie
934 2497 1040 2542 servo·

72 2582 139 2626 rum
160 2568 243 2626 velut
257 2569 436 2642 imperatori
451 2568 602 2628 exercitus
616 2567 818 2640 referebatur,
841 2567 889 2627 eui
909 2565 968 2625 iarn
985 2565 1039 2625 du-

73 2651 144 2709 dum
162 2649 285 2710 divitiae
305 2666 376 2712 esse
397 2651 565 2711 debuerant
585 2652 646 2710 duo
666 2650 772 2710 vicarii
792 2659 822 2711 et
842 2651 918 2710 cella
932 2649 1038 2709 laxior.

72 2738 113 2793 At
127 2734 255 2809 Diogeni
275 2751 385 2794 servus
406 2733 514 2795 unicus
536 2736 612 2811 fugit
625 2750 681 2793 nec
697 2750 765 2794 eum
778 2735 946 2806 reducere,
970 2738 1067 2795 cumi

73 2825 306 2892 monstraretur,
328 2819 400 2878 tanti
422 2820 547 2893 putavit.
575 2821 700 2893 „Turpe
715 2825 776 2891 est,
798 2817 909 2893 inquit,
929 2817 1038 2878 Manen
1091 2873 1094 2879 .

73 2903 139 2960 sine
164 2901 301 2978 Diogene
326 2918 421 2976 posse
445 2901 563 2974 vivere,
588 2903 743 2977 Diogenen
769 2900 836 2961 sine
862 2901 952 2961 Mane
978 2917 1039 2960 non

75 2990 203 3059 posse.“
241 2986 372 3045 Videtur
396 2985 467 3044 mihi
493 2985 625 3046 dixisse:
660 3001 744 3061 „age
768 2995 851 3046 tuum
876 2984 1038 3060 negotium,

73 3071 203 3129 fortuna.
226 3069 298 3129 nilril
313 3070 395 3143 apud
406 3068 563 3144 Diogenen
579 3069 637 3128 iam
654 3068 698 3130 tui
712 3077 768 3130 est.
788 3069 876 3143 Fugit
889 3067 961 3127 milri
975 3083 1039 3127 ser·

72 3159 154 3212 vust
174 3153 265 3214 immo
282 3152 359 3213 liber
373 3152 475 3212 abiit.“
499 3153 623 3213 Familia
640 3153 714 3228 petit
726 3153 899 3214 vestiarium
914 3150 1067 3211 victum-8
1111 3194 1131 3222 γ.

75 3252 145 3311 que.
173 3244 218 3297 tot
236 3244 359 3297 ventres
381 3236 624 3296 avidissimorum
648 3238 819 3296 animalium
840 3234 941 3296 tuendi
958 3243 1037 3296 sunt

73 3320 202 3379 emenda
222 3322 317 3380 vestis
339 3328 369 3380 et
391 3320 609 3381 custodiendae
628 3320 846 3394 rapacissimae
873 3335 980 3380 manus
1008 3325 1040 3379 et

75 3401 211 3463 flendum
232 3405 509 3480 detestantiumque
531 3402 706 3464 ministeriis
733 3405 888 3464 utendum.
925 3409 1037 3479 quanto

73 3486 123 3545 ille
138 3488 268 3563 felicior,
285 3487 336 3564 qui
352 3489 424 3548 nihil
439 3488 491 3549 ulli
506 3488 610 3564 debet,
626 3488 683 3548 nisi
700 3488 782 3563 quod
795 3489 934 3548 facillime
949 3496 1039 3561 negat
