2438 3968
143 264 194 326 AD
204 261 915 323 HELVIAMMATREMDECONSOLATIONE.
927 274 953 326 5.
964 271 990 327 6.
1012 261 1073 326 241

107 414 218 478 victum
244 413 376 476 animum
400 422 482 475 tenet
502 416 678 489 exploratae
698 413 756 474 iarn
770 414 928 475 firmitatis.
959 417 1073 478 namin

106 501 176 576 ipsa
195 499 336 559 felicitate
351 498 425 574 quid
440 506 546 560 contra
560 496 763 558 infelicitatem
776 499 904 572 valeret,
927 508 1071 575 expertus

107 593 163 644 est.
195 585 302 657 ltaque
322 596 379 656 ego
401 582 430 641 in
451 580 526 655 illis,
548 596 626 656 quae
642 597 748 642 omnes
763 589 882 657 optant,
903 584 1106 646 existimante

107 683 230 742 semper
244 665 316 726 nihil
330 666 395 726 veri
410 665 483 725 boni
498 665 610 725 inesse.
638 674 701 725 tum
716 664 817 725 inania
832 675 862 727 et
876 667 1020 741 specioso
1036 685 1072 730 ac

107 754 275 826 decepturo
300 751 370 809 luco
397 749 563 809 circumlita
586 749 704 823 inveni,
732 750 810 811 intra
834 749 907 810 nibil
932 750 1073 812 habentia

106 836 197 895 ironti
212 849 287 894 suae
301 833 412 893 simile:
437 848 517 891 nunc
534 833 563 891 in
578 832 641 905 his,
659 849 739 908 quae
754 835 833 893 mala
846 841 1007 908 vocantur,
1028 837 1072 895 ni·

105 919 147 978 hil
162 927 223 979 tam
236 916 369 978 terribile
383 931 420 975 ac
436 916 545 976 durum
559 917 679 977 invenio
697 933 787 991 quam
803 918 907 992 opinio
923 919 1003 994 volgi
1018 922 1072 980 mi·

106 1002 242 1065 nabetur.
274 1000 400 1060 verbum
419 1000 540 1074 quidem
561 999 661 1075 ipsum
681 1003 883 1076 persuasione
898 1003 1030 1076 quadam
1044 1011 1074 1064 et

105 1101 261 1146 consensu
280 1083 340 1143 iarn
361 1083 501 1158 asperius
516 1085 554 1143 ad
572 1100 662 1144 aures
681 1086 764 1145 venit
779 1093 809 1146 et
825 1084 983 1147 audientes
998 1093 1072 1146 tam·

105 1186 197 1245 quarn
216 1169 302 1229 triste
323 1174 352 1226 et
372 1166 562 1230 exsecrabile
577 1169 659 1228 ierit:
676 1169 716 1230 ita
731 1170 810 1228 enim
825 1171 958 1244 populus
974 1171 1072 1232 iussit.

105 1253 162 1314 sed
178 1252 285 1328 populi
301 1251 377 1311 scita
392 1267 431 1310 ex
446 1267 555 1325 magna
569 1260 655 1326 parte
669 1253 824 1327 sapientes
839 1255 995 1327 abrogant.

166 1337 217 1395 VI.
239 1337 367 1396 Remoto
381 1350 453 1409 ergo
469 1333 581 1394 iudicio
597 1336 743 1410 plurium,
766 1354 845 1411 quos
860 1337 957 1412 prima
972 1341 1100 1398 rerumt

104 1421 235 1496 species,
251 1426 415 1493 utcumque
431 1419 544 1478 credita
559 1428 615 1490 est,
631 1421 736 1492 aulert,
751 1421 965 1493 videamus,
982 1422 1072 1495 quid

104 1502 837 1576 sitexilium=nempeloeiconmutatio.
859 1512 1072 1578 neangustare

104 1588 211 1647 videar
232 1584 292 1645 vim
308 1585 374 1645 eius
389 1592 421 1645 et
435 1584 580 1660 quicquid
594 1587 762 1660 pessimum
777 1587 806 1646 in
823 1586 978 1662 sehabet,
1000 1588 1072 1649 sub-

103 1668 1071 1745 trahere:hancconmutationemlocisequunturin-

105 1753 1069 1831 commoda:paupertas,ignominia‚contemptus

106 1839 309 1900 Adversus
330 1835 800 1912 istaposteaconlligam=
823 1839 1070 1914 interimpri·

104 1938 198 1982 mum
221 1921 320 1981 illud
345 1921 486 1981 intueri
508 1923 614 1992 volo,
641 1922 733 1996 quid
758 1921 890 1982 acerbi
917 1923 1071 1984 adierat

105 2005 541 2082 ipsaloeiconmutatio.
1052 2018 1054 2022 ⁴

167 2090 301 2163 „Carere
327 2089 425 2164 patria
450 2088 637 2148 intolerabile
662 2093 745 2147 est.“
776 2087 914 2163 Adspice
939 2090 1097 2163 ageduna

104 2174 183 2232 hanc
199 2173 405 2247 frequentiam,
421 2171 470 2231 cui
481 2173 534 2231 vix
545 2171 630 2231 urbis
642 2172 798 2232 inmensae
809 2179 888 2233 tecta
900 2172 1069 2233 sufficiunta

104 2256 235 2315 maxima
256 2272 328 2330 pars
343 2255 431 2315 istius
445 2255 550 2314 turbae
564 2255 660 2330 patria
676 2263 767 2315 caret.
801 2271 840 2314 ex
853 2255 1024 2330 municipiis
1040 2264 1071 2317 et

103 2339 233 2399 coloniis
261 2340 340 2414 suis,
366 2354 405 2398 ex
426 2347 489 2399 toto
508 2340 639 2415 denique
659 2337 733 2398 orbe
751 2345 896 2398 terrarum
912 2337 1068 2399 confluxe-

103 2429 182 2482 runt.
215 2423 301 2481 Alios
323 2422 450 2482 adduxit
463 2423 601 2495 ambitio,
627 2421 704 2482 alios
719 2422 888 2482 necessitas
904 2420 996 2481 ollicii
1011 2440 1067 2498 pu-

104 2504 191 2577 blici,
212 2504 289 2564 alios
302 2505 435 2579 inposita
450 2507 575 2580 legatio,
596 2506 673 2566 alios
687 2506 806 2566 luxuria
819 2514 1023 2579 opportunum
1039 2514 1068 2567 et

104 2588 279 2663 opulentum
294 2588 373 2648 vitiis
388 2591 487 2650 locum
503 2605 663 2664 quaerens,
677 2589 754 2650 alios
769 2587 936 2650 liberalium
952 2591 1065 2651 studio·

103 2688 170 2732 rum
186 2672 351 2746 cupiditas,
366 2672 441 2732 alios
457 2675 641 2747 spectacula.
663 2674 812 2747 quosdam
826 2674 916 2734 traxit
929 2674 1065 2747 amicitia,

104 2755 255 2833 quosdam
271 2753 419 2815 industria
433 2758 532 2816 laxam
548 2757 757 2817 ostendendae
771 2757 872 2817 virtuti
883 2765 993 2818 nancta
1003 2774 1066 2819 ma·

102 2841 218 2900 teriam.
251 2839 373 2914 quidam
386 2841 523 2899 venalem
538 2842 665 2900 formam
678 2841 863 2914 adtulerunt,
878 2841 1000 2917 qrridam
1014 2857 1066 2902 ve

103 2924 203 2983 nalem
224 2924 434 2997 eloquentiam.
465 2923 583 2984 Nullum
599 2940 659 2983 non
674 2925 828 2985 hominum
843 2941 940 3000 genus
955 2927 1095 2986 conen-3

104 3005 197 3067 currit
210 3005 240 3064 in
257 3007 362 3066 urbem
375 3013 404 3066 et
418 3007 576 3068 virtutibus
591 3015 620 3066 et
633 3008 713 3068 vitiis
724 3024 834 3083 magna
844 3008 940 3084 pretia
952 3023 1066 3084 ponen-

98 3100 173 3151 tem.
204 3089 278 3149 lube
292 3091 367 3150 istos
382 3106 487 3150 omnes
503 3091 541 3150 ad
556 3106 665 3150 nomen
680 3091 763 3150 citari
778 3098 807 3152 et
825 3092 934 3165 „unde
949 3093 1066 3153 domo“

105 3174 237 3247 quisque
258 3174 297 3234 sit
311 3189 438 3248 quaere:
459 3174 576 3233 videbis
590 3174 734 3234 maiorem
749 3181 864 3249 partem
880 3191 964 3250 esse,
987 3191 1066 3250 quae

103 3256 217 3316 relictis
237 3257 363 3316 sedibus
384 3255 448 3317 suis
464 3255 580 3316 venerit
593 3257 623 3314 in
638 3257 799 3318 maximam
814 3259 934 3332 qudem
948 3275 985 3318 ac
999 3260 1065 3334 pul-

104 3339 284 3400 cherrimam
297 3339 418 3415 urbem,
432 3356 492 3400 non
507 3347 605 3399 tamen
620 3357 715 3400 suam.
737 3341 853 3402 Deinde
867 3343 906 3400 ab
920 3342 978 3402 hac
993 3342 1064 3402 civi·
1076 3339 1092 3390 4

103 3429 164 3483 tate
185 3423 324 3498 diseede,
347 3440 426 3499 quae
442 3422 534 3484 veluti
554 3426 721 3485 communis
742 3431 843 3501 potest
857 3425 926 3484 dici.
958 3442 1065 3486 omues

96 3507 196 3567 urbes
211 3506 346 3566 circumi:
362 3509 443 3567 nulla
454 3524 515 3568 non
525 3523 663 3583 magnam
674 3517 789 3584 partem
800 3509 978 3583 peregrinae
990 3513 1064 3569 mul·

146 3610 247 3649 samon
264 3611 334 3649 nnn.
355 3595 374 3650 Ι.
879 3600 911 3654 16
