2438 3968
189 229 230 291 36
481 229 513 286 L.
535 227 681 287 ΑΝΝΑΕΙ
704 227 880 289 SENECAE

189 398 300 458 agens,
327 381 417 441 ioeda
431 382 501 442 visu
521 390 551 442 et
574 381 728 442 horrenda
753 383 848 443 iacies
874 383 1115 459 depravantium
1141 402 1174 448 se

158 474 280 540 batque
295 466 566 528 intumescentium.
606 465 733 526 Nescias
756 473 852 527 utrum
874 468 971 543 magis
990 469 1174 533 detestabile

188 550 292 611 vitium
307 551 395 610 sitan
412 551 558 610 deforme.
591 557 692 612 cetera
711 551 783 611 lieet
801 552 995 613 abscondere
1015 561 1048 613 et
1069 553 1101 615 in
1123 555 1175 616 ab·

189 633 252 696 dito
269 636 366 694 alere:
382 634 427 694 ira
442 651 476 695 se
491 635 607 709 profert
620 642 650 695 et
663 634 693 694 in
710 634 816 694 lactem
832 634 896 696 exit
914 642 1099 714 quanteque
1114 655 1174 698 ma-

188 717 250 791 ior,
272 719 331 779 hcc
347 717 520 780 effervescit
540 717 739 779 manifestius.
775 719 842 780 Non
868 720 956 782 rides
979 728 1013 783 ut
1038 722 1175 784 omnium

189 802 376 876 animalium,
401 802 490 863 simul
510 803 549 862 ad
565 805 735 863 nocendum
751 801 998 880 insurrexerunt,
1027 822 1174 881 praecur-

187 896 256 948 rant
271 895 361 947 notae
377 901 414 944 ac
428 893 491 946 tota
506 901 637 961 corpora
652 888 775 948 solitum
790 889 988 964 quietumque
1009 892 1173 965 egredian-

158 973 236 1032 titur
249 972 382 1031 habitum
397 979 427 1030 et
441 971 588 1031 feritatem
603 987 690 1032 suam
705 979 909 1047 exasperante
930 983 1079 1049 spumant
1090 976 1173 1052 apris

189 1073 257 1128 ora,
287 1056 393 1114 dentes
409 1061 559 1115 acuuntur
573 1055 697 1126 adtritu,
719 1061 874 1116 taurorum
890 1072 1006 1118 cornua
1021 1059 1175 1122 iactantur

188 1140 218 1199 in
234 1154 363 1199 vacuum
380 1145 410 1197 et
424 1154 517 1198 arena
537 1141 630 1214 pulsu
650 1139 762 1215 pedum
783 1141 951 1215 spargitur,
978 1143 1090 1204 leones
1118 1145 1173 1205 lre-

189 1232 287 1296 munt‚
303 1220 446 1282 inflantur
460 1223 588 1283 inritatis
603 1224 682 1284 colla
697 1225 906 1299 serpentibus,
927 1226 1109 1288 rabidarum
1126 1245 1171 1290 ca-

189 1324 261 1368 num
276 1307 369 1368 tristis
386 1308 552 1382 adspectus
567 1314 629 1367 est:
651 1309 766 1368 nullum
781 1315 829 1368 est
843 1310 953 1369 animal
967 1316 1031 1370 tam
1044 1311 1171 1374 horren·

191 1394 261 1460 dum
276 1400 399 1468 tamque
412 1391 618 1466 perniciosum
634 1401 755 1464 natura,
774 1401 808 1453 ut
823 1409 884 1454 non
899 1393 1051 1468 adpareat
1065 1395 1097 1456 in
1112 1397 1170 1471 illo,

161 1484 177 1541 t
190 1477 279 1537 simul
295 1477 341 1537 ira
354 1476 481 1550 invasit,
497 1492 579 1536 nova
594 1477 720 1537 leritatis
736 1477 885 1538 accessio.
919 1477 982 1538 Nec
996 1479 1111 1553 ignoro
1126 1494 1171 1542 ee·

188 1569 272 1623 leros
288 1577 412 1638 quoque
427 1560 568 1622 adlectus
582 1561 635 1620 vix
649 1561 804 1634 occultari,
822 1560 977 1621 libidinem
992 1569 1169 1641 metumque

189 1656 219 1706 et
238 1645 398 1706 audaciam
422 1646 496 1705 dare
517 1646 565 1705 sui
585 1644 675 1720 signa
694 1651 725 1705 et
744 1660 839 1721 posse
860 1646 1035 1721 praenosci.
1071 1664 1170 1725 neque

189 1730 267 1789 enim
282 1731 344 1789 ulla
357 1728 566 1790 vehementior
580 1730 657 1790 intra
672 1728 814 1804 cogitatio
830 1730 910 1809 [est],
926 1747 1006 1806 quae
1017 1731 1098 1793 nihil
1109 1749 1167 1795 mo

187 1819 259 1873 veat
273 1813 303 1872 in
317 1815 411 1873 voltu.
446 1813 518 1886 quid
532 1829 606 1886 ergo
622 1813 766 1874 interestt
794 1815 877 1890 quod
892 1815 941 1877 alii
955 1814 1101 1878 adiectus
1120 1818 1168 1878 ad·

191 1903 307 1972 parent,
323 1895 374 1957 hic
389 1895 509 1956 eminet.

163 1993 177 2046 1
251 1982 288 2041 ll.
309 1984 372 2043 Iam
387 1997 460 2041 vero
477 1982 504 2040 si
518 1980 647 2041 effectus
668 1981 735 2042 eius
757 1983 930 2056 damnaque
949 1982 1063 2043 intueri
1086 1985 1169 2063 velia,

190 2066 273 2125 nulla
287 2065 383 2141 pestis
397 2065 530 2125 humano
545 2064 649 2140 generi
664 2066 758 2140 pluris
774 2066 864 2126 stetit.
906 2065 1038 2127 Videbis
1055 2068 1167 2130 caedea

191 2166 226 2211 ac
240 2165 359 2210 venena
373 2157 403 2210 et
417 2165 538 2210 reorum
554 2157 673 2210 mutuas
694 2151 804 2211 sordes
825 2159 855 2212 et
875 2149 993 2211 urbium
1017 2153 1132 2214 clades
1144 2159 1170 2213 el

189 2243 318 2297 totarum
334 2233 425 2294 exitia
439 2235 574 2309 gentium
591 2241 621 2294 et
636 2234 805 2309 principum
826 2234 884 2296 sub
908 2233 987 2294 civili
1009 2235 1105 2297 hasta
1125 2252 1170 2298 ca

190 2322 253 2397 pita
265 2319 386 2380 venalia
400 2326 430 2380 et
444 2319 598 2380 subiectas
613 2318 701 2379 tectis
716 2319 800 2378 laces
814 2334 873 2379 nee
887 2319 966 2379 intra
979 2321 1108 2381 moenia
1122 2336 1171 2382 co·

191 2405 301 2468 ercitos
313 2405 409 2480 ignes,
425 2405 481 2464 sed
496 2403 627 2478 ingentia
642 2403 741 2477 spatia
755 2403 912 2478 regionum
927 2403 1030 2463 hostili
1048 2404 1171 2467 llammt

161 2489 362 2551 trelucentia.
384 2488 523 2563 Adspice
534 2487 789 2548 nobilissimarum
805 2487 956 2548 civitatum
972 2488 1171 2551 fundamenta

190 2575 243 2633 vix
263 2572 422 2634 notabilia:
447 2574 504 2633 bas
525 2571 570 2632 ira
590 2571 707 2631 deiecit.
750 2572 877 2646 adspice
905 2570 1091 2633 solitudines
1119 2588 1172 2651 per

191 2658 284 2719 multa
304 2658 385 2718 milia
405 2658 473 2717 sine
492 2656 661 2716 habitatore
686 2656 840 2716 desertam
864 2655 921 2716 has
946 2657 991 2715 ira
1015 2657 1170 2719 exhausit

191 2740 319 2816 adspice
332 2748 376 2803 tot
390 2739 555 2802 memoriae
569 2740 709 2814 proditos
725 2741 835 2813 duces,
859 2739 927 2799 mali
943 2743 1089 2816 exempla
1105 2742 1170 2804 latia

191 2827 282 2886 alium
296 2824 342 2884 ira
354 2824 384 2885 in
401 2825 491 2886 cubili
506 2840 564 2885 suo
580 2825 724 2896 confodit,
739 2825 830 2885 aliurn
845 2824 923 2884 intra
937 2840 1027 2885 sacra
1044 2840 1171 2891 incusat

191 2911 257 2971 iura
277 2910 443 2985 percussit,
456 2909 546 2970 aliurn
562 2910 639 2968 intra
653 2911 737 2983 leges
753 2908 944 2983 celebrisque
958 2914 1171 2984 spectaculum

192 2995 249 3057 lori
265 2993 443 3066 lancinavit,
465 2995 555 3053 alium
571 2993 623 3053 lilii
638 2993 801 3068 parricidio
817 2993 891 3055 dare
910 2993 1094 3068 sanguinem
1109 2994 1171 3057 iue-

192 3079 239 3153 sit,
254 3079 346 3140 alium
360 3077 463 3138 servili
479 3093 570 3138 manu
583 3079 714 3152 regalem
726 3078 846 3152 aperire
864 3076 1014 3152 iugulum,
1029 3079 1131 3143 alium
1144 3081 1171 3141 in

163 3162 300 3224 3cruces
316 3162 452 3221 membra
467 3162 637 3222 diffindere.
669 3169 700 3221 et
720 3162 819 3222 adbuc
840 3162 1030 3237 singulorum
1051 3165 1172 3241 suppli·

193 3249 239 3307 cia
253 3262 360 3307 narro:
384 3246 470 3320 quid,
486 3245 539 3306 tibl
556 3245 583 3306 ai
596 3245 716 3311 libuerit
729 3246 842 3306 relictis
856 3245 887 3305 in
903 3261 983 3321 quos
998 3245 1045 3306 ira
1059 3249 1172 3310 viritim

193 3332 323 3403 exarsit,
345 3330 506 3405 adspicere
521 3344 629 3391 caesas
644 3329 745 3403 gladio
762 3331 926 3390 conciones
942 3337 973 3390 et
986 3329 1115 3404 plebem
1130 3335 1171 3394 in

193 3416 287 3476 misso
308 3413 401 3474 milite
422 3414 660 3475 contrucidatam
682 3421 713 3474 et
730 3415 760 3473 in
783 3415 946 3488 perniciem
961 3416 1192 3489 promiscuam·

193 3507 273 3561 totos
288 3498 422 3575 populos
445 3499 552 3574 capitis
574 3498 685 3558 damna
706 3514 819 3574 passos
840 3500 902 3540 ***
