2438 3968
214 256 265 316 DE
278 254 610 329 TRANQUILLITATE
624 254 744 315 ANIMI.
770 263 812 316 ll.
834 265 874 316 12.
970 254 1036 319 lita

64 407 137 484 quid
151 408 180 466 in
196 407 288 466 ullum
303 404 440 480 incurrit,
457 406 595 480 possein
610 411 640 464 te
652 420 776 479 quoque
787 405 949 465 incurrere.
972 406 1031 467 Lo·-

63 493 168 566 cupfes
191 506 242 550 esa
266 489 413 565 numquid
434 488 555 549 divitior
568 485 754 549 Ptolemaeo?
777 488 908 549 cuicum
925 489 1030 564 Caius,

61 581 150 634 vetus
172 579 331 648 cognatus,
355 573 472 648 hospes
493 589 608 644 novus,
636 572 807 646 aperuisset
822 571 960 633 Caesaris
976 575 1029 634 do-

62 675 158 730 mum,
174 664 207 716 ut
220 672 306 717 suam
323 657 472 729 eluderet,
490 655 584 715 defuit
599 654 703 730 panis,
719 671 808 730 aqua.
831 670 900 714 cum
916 664 959 716 tot
972 655 1030 718 ssu-

62 742 142 801 mina
158 740 331 815 possideret
347 740 377 800 in
393 756 449 800 suo
467 739 601 810 orientia,
622 739 653 799 in
668 755 725 800 suo
743 738 896 812 cadentia,
916 740 1029 799 mendi·

63 824 144 884 cavit
157 822 316 884 stillicidia.
340 823 418 881 fame
432 838 469 882 ac
485 823 533 882 siti
549 821 636 897 periit
650 821 680 882 in
691 822 803 898 palatio
817 823 945 896 cognati,
959 823 1031 884 dum

62 907 103 968 illi
118 907 208 968 heres
222 906 375 981 publicum
391 906 482 966 funus
493 906 636 966 esurienti
648 907 736 966 locat.
758 905 933 967 Honoribus
946 923 1027 967 sum·
1040 918 1073 971 tl

63 993 120 1052 mis
136 993 257 1052 functus
273 1006 322 1048 es:
339 989 487 1065 numquid
502 997 553 1049 aut
568 997 628 1048 tam
635 990 752 1065 magnis
760 996 812 1050 aut
823 997 883 1050 tum
894 990 1030 1066 inspera-

63 1077 101 1136 tis
117 1082 169 1136 aut
182 1083 242 1135 tam
257 1073 409 1133 universis
425 1089 515 1148 quam
530 1072 682 1134 Seianus?
701 1089 763 1149 quo
779 1071 829 1133 die
843 1074 926 1134 illum
941 1089 1031 1134 sena-

62 1164 113 1219 tus
129 1159 312 1230 deduxerat,
328 1159 462 1232 populus
476 1157 505 1216 in
522 1159 618 1218 frusta
631 1157 744 1217 divisit.
772 1157 801 1216 in
818 1173 923 1233 quem,
947 1159 1032 1233 quic·

64 1242 139 1318 quid
161 1241 283 1314 congeri
300 1248 431 1314 poterat,
454 1241 483 1301 di
501 1240 701 1315 hominesque
715 1242 918 1313 contulerant,
941 1257 980 1301 ex
995 1258 1032 1302 eo

63 1326 135 1384 nihil
156 1325 319 1400 superfuit,
343 1325 427 1399 quod
442 1325 576 1385 carnifex
589 1324 728 1384 traheret.
760 1325 828 1384 Rex
842 1341 892 1384 es:
913 1341 975 1384 non
989 1326 1030 1386 ad
1042 1338 1075 1393 12

64 1410 208 1469 Croesum
230 1416 258 1467 te
280 1410 406 1482 mittam,
428 1409 478 1483 qui
496 1423 602 1482 rogum
623 1424 712 1467 suum
733 1414 763 1467 et
776 1407 913 1469 escendit
927 1409 1031 1470 iussus

64 1500 94 1551 et
118 1491 270 1566 exstingui
291 1492 386 1566 vidit,
406 1493 503 1553 factus
526 1507 586 1551 nou
602 1506 697 1565 regno
713 1498 844 1563 tantum,
870 1490 1031 1552 sedetiam

64 1576 151 1635 morti
167 1592 241 1635 suae
257 1583 426 1648 superstes.
454 1591 516 1634 non
531 1575 570 1633 ad
584 1574 770 1649 Iugurtham,
792 1589 882 1648 quern
900 1576 1032 1650 populus

63 1661 220 1719 Romanus
235 1659 312 1717 intra
326 1674 452 1732 annum,
468 1674 558 1734 quam
573 1658 728 1730 timuerat,
745 1658 904 1732 spectavit.
933 1657 1031 1720 Ptole·

64 1757 183 1802 maeum
198 1743 321 1800 Africae
335 1757 453 1816 regem,
475 1742 636 1801 Armeniae
650 1742 841 1802 Mithridaten
855 1740 932 1802 inter
948 1742 1032 1802 Caia-

64 1842 120 1885 nas
135 1826 290 1886 custodias
305 1825 453 1885 vidimus:
475 1826 550 1885 alter
564 1824 594 1882 in
610 1825 730 1886 exilium
746 1826 859 1885 missus
875 1833 936 1900 est,
959 1828 1034 1888 alter

64 1919 97 1969 ut
111 1910 235 1969 meliore
250 1909 311 1968 lide
326 1910 503 1981 mitteretur,
530 1908 662 1983 optabat.
702 1909 736 1970 ln
753 1915 836 1970 tanta
850 1924 949 1969 rerum
966 1926 1031 1970 sur-

64 2010 130 2053 sum
146 2010 182 2053 ac
197 1995 341 2052 deorsum
356 1994 489 2054 euntium
504 1992 677 2052 versatione
692 1995 718 2054 si
734 2009 794 2053 non
810 1993 956 2069 quicquid
966 1994 1032 2054 fieri

65 2085 180 2152 potest,
196 2094 251 2153 pro
267 2078 367 2137 futuro
385 2076 494 2148 hahes,
518 2075 574 2137 das
589 2077 619 2135 in
634 2084 663 2136 te
676 2076 759 2138 vires
774 2075 866 2136 rebus
882 2076 1030 2149 adversis,

66 2177 141 2236 quas
157 2161 291 2236 infregit,
308 2161 448 2236 quisquis
463 2159 546 2235 prior
559 2160 644 2220 vidit.

123 2245 186 2303 Xll.
219 2245 435 2306 Proximum
456 2243 499 2304 ab
520 2243 684 2318 hiserit,
710 2245 880 2303 neautin
897 2253 1060 2318 super-1

63 2329 278 2388 vacuisaut
295 2343 597 2403 exsupervacuo
613 2328 848 2401 laboremus,
871 2327 977 2397 idest,
993 2342 1032 2386 ne

66 2427 146 2485 quae
169 2418 220 2471 aut
241 2428 302 2471 non
317 2428 483 2487 possumus
500 2413 661 2485 consequi,
686 2413 955 2485 concupiscamus,
982 2416 1033 2470 aut

65 2494 168 2567 adepti
190 2494 349 2554 vanitatem
372 2494 577 2571 cupiditatium
596 2502 767 2555 nostrarum
784 2510 853 2554 sero
872 2501 943 2569 post
957 2495 1031 2554 mul·

65 2585 126 2637 tum
143 2578 290 2652 pudorem
305 2578 522 2654 intellegamus.
542 2578 573 2638 id
586 2584 641 2650 est,
657 2594 695 2637 ne
711 2587 762 2638 aut
777 2578 862 2638 labor
875 2578 980 2638 inritus
994 2578 1033 2637 sit

65 2662 132 2721 sine
156 2661 268 2720 effectu
290 2668 341 2720 aut
361 2662 487 2723 effectus
503 2662 607 2722 labore
624 2662 777 2736 indignus.
807 2661 883 2721 Fere
898 2662 975 2720 enim
993 2675 1031 2721 ex

64 2745 113 2804 his
136 2745 253 2805 tristitia
275 2745 425 2819 sequitur,
445 2745 472 2805 si
491 2752 618 2806 autnon
635 2741 850 2806 successitaut
866 2761 1031 2806 successus

65 2829 168 2903 pudet.
192 2829 508 2889 Circumcidenda
526 2829 786 2901 concursatio,
802 2830 900 2905 qualis
912 2832 1065 2889 estmal

65 2929 143 2986 gnae
169 2910 245 2986 parti
273 2912 425 2972 homiuum
448 2913 556 2974 domos
572 2921 602 2973 et
615 2913 732 2973 theatra
747 2920 776 2973 et
789 2915 856 2972 fora
874 2929 1031 2987 pererran-

66 2996 147 3056 tium.
172 2996 277 3055 alienis
294 3013 328 3055 sc
343 2996 471 3070 negotiis
488 2996 633 3070 offerunt,
651 3012 772 3072 semper
783 2996 898 3071 aliquid
914 2996 1033 3070 agenti-

64 3080 123 3140 bus
139 3079 262 3140 similes.
282 3082 396 3140 Horum
413 3080 438 3140 si
453 3081 583 3155 aliquem
601 3087 789 3140 excunteme
802 3081 892 3140 domo
906 3081 1031 3140 interro-

65 3165 203 3238 gaveris:
218 3210 236 3237 „
247 3181 306 3240 qua
320 3170 372 3224 tut
392 3164 466 3239 quid
478 3163 639 3238 cogitast“
654 3163 853 3239 respondebit
865 3163 928 3224 tibi:
945 3178 1032 3238 „non

65 3248 255 3308 mehercules
280 3249 362 3308 scio:
388 3249 444 3308 sed
471 3248 590 3322 aliquos
614 3248 742 3323 videbo,
768 3247 883 3323 aliquid
909 3249 1033 3322 agam.“

67 3329 139 3390 Sine
155 3333 314 3407 proposito
330 3341 477 3408 vagantur
492 3339 671 3407 quaerentes
687 3331 807 3407 negotia
822 3348 879 3392 nec
891 3347 968 3407 quae
981 3332 1065 3395 deb

66 3415 254 3476 stinaverunt
264 3424 371 3491 agunt,
384 3416 440 3476 sed
452 3417 480 3475 in
495 3431 573 3491 quae
585 3416 819 3477 incucurrerunt.
842 3416 1032 3477 inconsultus

64 3496 123 3560 uns
139 3516 298 3576 vanusque
315 3517 424 3562 cursus
441 3506 501 3572 est,
520 3498 616 3573 qualis
633 3498 766 3561 formicis
781 3516 837 3575 per
850 3500 974 3561 arbusta
983 3515 1031 3559 re·
