2438 3968
108 278 350 340 ADHELVIAM
361 278 525 338 MATREM
532 279 582 336 DE
590 275 888 337 CONSOLATIONE.
902 285 993 339 18.19.
1011 275 1072 338 259

109 439 169 492 tem
185 430 282 490 dolori
297 446 353 490 suo
370 445 532 504 quaerere:
548 437 580 489 tu
595 429 728 487 odiliam
743 434 772 488 te
786 437 816 489 et
830 427 974 504 quicquid
990 432 1071 505 cogi·

109 514 239 586 faveris,
262 515 375 573 confer.
408 513 474 572 sive
495 527 619 572 servare
640 512 729 571 istum
752 511 884 572 habitum
905 513 992 575 voles
1006 515 1072 575 sive

110 600 280 673 deponere,
308 597 390 671 apud
410 596 490 655 illam
510 596 646 656 invenies
666 596 715 654 vel
730 594 821 655 finem
836 596 951 658 doloris
964 598 1007 657 tui
1023 599 1071 657 vel

110 682 257 742 comitem.
278 679 341 741 Sed
355 681 382 739 si
394 680 581 755 prudentiam
596 678 836 754 perfectissimae
847 680 976 741 feminae
991 680 1101 756 novi,4

108 782 170 826 non
208 765 336 840 patietur
366 772 396 823 te
424 761 496 821 nihil
526 761 680 836 profuturo
711 778 849 823 moerore
877 765 1015 824 consumi
1043 772 1073 826 et

108 851 281 925 exemplum
296 848 347 908 tibi
362 863 465 919 suum,
481 846 567 906 cuius
582 862 638 921 ego
654 845 743 906 etiam
758 852 911 920 spectator
926 848 983 920 fui,
999 863 1073 907 nar-

107 933 195 993 rabit.
231 930 425 991 Carissimum
443 930 541 990 virum
554 929 710 1003 amiserat,
725 932 906 990 arunculam
925 937 1070 1004 nostrum,

109 1017 157 1076 cui
178 1016 263 1090 virgo
279 1023 438 1090 nupserat,
460 1014 491 1072 in
505 1013 574 1089 ipsa
589 1013 710 1089 quidem
723 1013 928 1089 navigatione:
949 1015 1015 1075 tulit
1027 1023 1070 1076 la·

107 1116 176 1159 men
197 1100 305 1160 eodem
325 1106 461 1173 tempore
478 1106 508 1158 et
522 1099 632 1158 luctum
647 1104 677 1157 et
689 1104 800 1158 metum
816 1098 984 1173 evictisque
997 1107 1071 1160 tcm-

107 1183 275 1258 pcstatibus
298 1198 409 1257 corpus
431 1182 497 1241 eius
519 1183 789 1256 naufraga-evexit.
821 1180 1099 1258 Oquammultaa

106 1282 174 1326 rum
189 1266 310 1341 egregia
325 1281 419 1340 opera
433 1265 463 1324 in
476 1265 606 1326 obscuro
618 1265 730 1324 iacent!
754 1264 786 1326 Si
797 1265 866 1325 huic
877 1267 928 1326 illa
940 1265 1071 1341 simplex

107 1349 292 1410 admirandis
313 1349 471 1410 virtutibus
493 1349 669 1423 contigisset
685 1349 860 1423 antiquitas,
888 1358 1000 1425 quanto
1026 1350 1069 1409 in-

105 1435 264 1508 geniorum
285 1433 446 1493 certamine
466 1434 667 1493 celebraretur
681 1446 773 1504 uxor,
802 1449 894 1509 quae,
921 1433 1012 1494 oblita
1025 1434 1070 1493 in-

106 1517 285 1590 becillitatis,
302 1516 393 1577 oblita
406 1517 557 1576 metuendi
572 1516 660 1576 etiam
672 1515 852 1576 firmissimis
863 1517 964 1590 maris,
979 1522 1071 1592 caput

105 1616 197 1661 suum
218 1601 360 1674 periculis
382 1617 438 1675 pro
458 1601 615 1675 sepultura
629 1599 741 1659 obiecit
755 1608 797 1673 et,
820 1601 891 1659 dum
906 1600 1018 1676 cogitat
1031 1601 1071 1661 de

104 1684 163 1743 viri
184 1684 305 1758 funere,
331 1684 402 1743 nihil
424 1683 462 1742 de
478 1699 534 1743 suo
550 1683 665 1743 timuitl
695 1683 873 1745 Nobilitatur
887 1685 1069 1744 carminibus

106 1767 249 1842 omnium,
267 1783 388 1842 quaese
400 1783 454 1841 pro
467 1767 596 1840 coniuge
608 1766 749 1826 vicariam
760 1767 856 1828 dedit:
868 1769 928 1829 hoc
940 1768 1069 1842 amplius

85 1855 87 1860 '
105 1858 168 1924 est,
185 1851 357 1912 discrimine
372 1851 450 1910 vitae
465 1851 636 1926 sepulcrum
653 1851 718 1911 viro
732 1853 888 1926 quaerere.
913 1851 1012 1912 maior
1022 1858 1070 1912 est

106 1951 205 2007 amor,
232 1935 282 2011 qui
306 1935 372 2009 pari
392 1933 527 2009 periculo
549 1934 646 1993 minus
660 1935 788 1994 redimit.
820 1931 965 1996 Posthac
979 1948 1098 2004 nemos

104 2019 236 2092 miratur,
253 2020 336 2095 quod
353 2034 407 2093 per
421 2017 554 2078 sedecim
569 2033 676 2089 annos,
693 2016 803 2092 quibus
818 2020 992 2097 Aegyptum
1007 2034 1068 2078 ma·

104 2102 181 2163 ritus
207 2103 273 2164 eius
293 2101 434 2176 obtinuit,
459 2117 621 2176 numquam
640 2101 670 2159 in
686 2102 806 2175 publico
824 2109 989 2177 conspecta
1006 2111 1068 2174 est,

103 2185 253 2246 neminem
269 2185 484 2262 provincialem
499 2186 620 2244 domum
634 2201 719 2244 suam
736 2184 868 2261 admisit,
884 2186 956 2245 nihil
970 2186 1068 2246 avire

104 2269 204 2344 pellit,
227 2269 299 2329 nihil
314 2286 333 2329 a
347 2286 381 2329 se
396 2269 456 2345 peti
472 2285 565 2344 passa
578 2276 633 2328 est.
661 2269 766 2343 ltaque
781 2270 892 2343 loquax
908 2277 937 2329 et
950 2270 980 2329 in
996 2285 1067 2328 con·

102 2352 242 2414 tumelias
258 2353 477 2427 praefectorum
493 2351 650 2427 ingeniosa
665 2351 836 2425 provincia,
858 2353 887 2410 in
905 2368 965 2427 qua
979 2353 1066 2411 eliam

104 2436 158 2511 qui
178 2436 348 2495 vitaverunt
368 2437 502 2511 culpam,
527 2452 588 2495 non
609 2433 779 2510 effugerunt
793 2435 959 2505 infamiam,
985 2436 1069 2494 velut

102 2520 225 2581 unicum
246 2518 411 2579 sanctitatis
432 2519 603 2593 exemplum
619 2519 813 2592 suspexdat,
836 2518 917 2593 quod
932 2518 974 2576 illi
989 2518 1066 2578 diffl-

104 2601 247 2664 cillimum
268 2608 328 2674 est,
350 2603 398 2662 cui
414 2605 501 2663 etiam
518 2602 680 2676 periculosi
695 2603 776 2661 sales
792 2603 925 2676 placent,
948 2616 1066 2663 omnem

103 2687 267 2745 verborum
282 2685 430 2746 licentiam
446 2686 590 2746 continuit
604 2692 635 2745 et
647 2684 739 2745 hodie
754 2684 878 2744 similem
894 2684 945 2760 illi,
962 2701 1066 2760 quam-

105 2772 152 2830 vis
165 2784 329 2845 numquam
344 2778 459 2843 speret,
480 2785 601 2843 semper
615 2776 707 2843 optat.
736 2768 861 2828 Multum
877 2776 955 2841 erat,
970 2767 997 2829 si
1012 2783 1068 2843 per

105 2853 240 2914 sedecim
255 2868 352 2913 annos
367 2851 448 2912 illam
462 2853 618 2928 provincia
631 2853 807 2927 probasset:
823 2853 892 2927 plus
906 2859 967 2926 est,
984 2852 1067 2927 quod

103 2936 262 3012 ignoravit.
284 2936 368 2996 Haec
383 2952 443 2996 non
458 2936 527 2995 ideo
542 2938 651 3010 refero,
664 2944 697 2996 ut
710 2936 817 2997 laudes
829 2936 895 2996 eius
904 2949 1094 3010 exsequaqq

106 3038 184 3096 quas
204 3019 452 3081 circumscribere
473 3028 520 3080 est
540 3027 601 3079 tam
615 3035 708 3094 parce
721 3028 943 3093 transcurrere,
964 3019 1021 3079 sed
1034 3024 1068 3079 ut

103 3103 261 3179 intellegas
276 3103 376 3179 magni
390 3103 479 3162 animi
494 3119 565 3164 csse
578 3103 733 3178 feminam,
752 3119 841 3178 quam
859 3118 918 3162 non
934 3099 1066 3177 ambitio,

103 3203 166 3247 non
181 3188 321 3262 avaritia,
338 3185 463 3248 comites
479 3187 577 3247 omnis
590 3186 741 3261 potentiae
753 3195 783 3247 et
793 3194 906 3262 pestes,
919 3186 1064 3257 vicerunt,

104 3286 166 3332 non
187 3280 284 3333 metus
305 3272 410 3332 mortis
433 3287 498 3330 eam
517 3276 671 3329 exarmata
691 3270 761 3330 navi
775 3269 963 3344 naufragium
977 3285 1066 3330 suum

104 3360 293 3430 spectantem
314 3353 471 3430 deterruit,
498 3370 558 3429 quo
579 3353 678 3414 minus
703 3355 832 3414 exanimi
848 3354 912 3414 viro
934 3353 1065 3413 haerens

103 3454 166 3499 non
183 3446 355 3513 quaereret,
372 3438 626 3513 quemadmodum
640 3437 710 3498 inde
725 3439 835 3512 exiret,
849 3438 905 3499 sed
922 3437 1064 3513 quemad-

103 3521 227 3582 modum
243 3521 373 3582 efferret
393 3523 470 3583 Huic
485 3539 586 3597 parem
600 3522 736 3582 virtutem
748 3523 893 3584 exhibeas
905 3527 1066 3597 oportelet

849 3605 903 3666 17*
