2438 3968
264 256 315 316 DE
338 255 554 315 CLEMENTIA
574 255 693 313 itali.
716 263 812 314 2-5.
957 255 1018 318 301

53 410 159 470 nitur
186 408 438 468 clementiae?
478 406 718 477 Crudelitas,
744 422 824 480 quae
843 407 916 467 nihil
937 409 1019 468 aliud

53 501 102 554 est
122 507 213 569 quam
233 490 375 552 atrocitas
397 490 488 552 animi
502 490 532 550 in
547 489 705 563 exigendis
720 491 839 565 poenis.
875 490 938 551 Sed
953 493 1019 566 qui·

54 578 125 637 dam
139 591 200 635 non
215 574 339 649 exigunt
352 591 483 649 poenas,
502 575 641 633 crudeles
654 581 754 634 tamen
766 583 850 647 sunt,
865 582 1019 649 tamquam

54 660 107 736 qui
129 659 249 733 ignotos
270 658 409 718 homines
427 666 458 717 et
471 655 579 717 obvios
594 674 654 717 non
670 658 700 716 in
716 659 935 733 conpendium,
963 660 1019 719 sed

52 741 216 806 occidendi
236 758 331 802 causa
352 743 503 801 occidunt.
532 757 589 800 nec
609 741 778 801 interficere
799 742 931 802 contenti
952 757 1018 802 sae-

53 829 154 899 viunt,
174 833 208 886 ut
220 826 338 887 Busiris
353 827 402 885 ille
418 834 448 886 et
460 825 638 885 Procrustes
655 834 684 885 et
700 826 830 900 piratae,
847 827 898 902 qui
912 835 1019 901 captos

52 911 215 971 verberant
235 917 266 969 et
285 909 314 967 in
336 910 436 984 ignem
456 910 543 969 vivos
565 911 722 983 inponunt.
756 909 840 970 Haec
858 911 1052 972 crudelitast

53 995 193 1071 quidem:
213 993 270 1054 sed
282 993 354 1068 quia
368 1009 425 1054 nec
438 993 582 1054 ultionem
597 993 747 1068 sequitur,
771 1010 832 1053 non
845 995 924 1055 enim
936 995 1020 1054 laesa

53 1087 116 1154 est,
137 1093 195 1138 nec
210 1085 337 1154 peccato
352 1077 440 1138 alicui
454 1078 609 1148 irascitur,
633 1078 746 1137 nullum
763 1079 842 1137 enim
856 1079 1022 1139 antecessit

53 1163 182 1235 crimen,
206 1169 293 1221 extra
315 1162 481 1222 linitionem
495 1171 628 1221 nostram
645 1162 733 1221 cadit.
763 1163 869 1235 [finitio
885 1164 1020 1224 contine-

52 1247 105 1308 bat
115 1246 146 1306 in
158 1245 267 1322 poenis
280 1244 438 1320 exigendis
449 1246 708 1321 intemperantiam
719 1247 831 1325 animi]
853 1247 1020 1307 Possumus

52 1330 157 1391 dicere
177 1346 238 1389 non
259 1345 331 1389 esse
350 1329 429 1390 lianc
449 1330 670 1401 crudelitatem,
700 1330 756 1389 sed
777 1331 944 1405 feritatem,
973 1331 1020 1390 cui

52 1413 201 1490 voluptati
222 1413 349 1473 saevitia
363 1419 418 1473 est.
454 1430 621 1489 possumus
636 1414 784 1473 insaniam
800 1430 928 1474 vocare=
951 1430 1021 1474 narn

51 1497 139 1558 varia
159 1506 229 1558 sunt
249 1513 363 1571 genera
382 1498 448 1557 eius
468 1506 498 1558 et
518 1498 630 1557 nullum
652 1498 762 1558 certius
784 1515 875 1574 quam
891 1498 975 1573 quod
990 1499 1020 1556 in

52 1582 166 1643 caedes
181 1580 334 1642 hominum
349 1589 378 1642 el
397 1582 575 1642 laniationes
595 1581 741 1656 pervenit.
778 1582 851 1641 lllos
865 1598 938 1657 ergo
955 1597 1019 1640 cru·
1034 1589 1052 1642 3

52 1666 141 1727 deles
155 1665 289 1739 vocabo,
309 1666 361 1741 qui
377 1665 659 1739 puniendicansam
673 1664 799 1739 habent,
821 1667 944 1725 modum
959 1682 1020 1726 non

53 1749 180 1820 habent,
204 1749 283 1809 sicut
301 1749 331 1808 in
352 1749 484 1821 Phalari,
507 1765 596 1823 quem
611 1748 694 1809 aiunt
708 1765 769 1808 non
786 1750 908 1824 quidem
921 1751 951 1808 in
966 1750 1018 1810 ho·

54 1832 152 1892 mines
172 1834 365 1906 innocentes,
395 1834 452 1893 sed
471 1848 565 1908 super
588 1833 751 1892 humanum
777 1848 813 1892 ac
835 1832 1020 1909 probabilem

53 1917 176 1977 modum
192 1916 340 1977 saevisse.
372 1916 539 1977 Possumus
555 1915 690 1990 effugere
705 1916 926 1978 cavillationem
939 1925 968 1978 et
981 1917 1023 1978 tta

54 2001 161 2075 finire,
189 2008 222 2062 ut
246 2001 286 2060 sit
310 1999 472 2060 crudelitas
498 2001 649 2060 inclinatio
672 2001 763 2060 animi
790 2002 829 2061 ad
853 2001 1021 2076 asperiora.

53 2085 140 2144 Hanc
155 2085 313 2145 clementia
326 2085 444 2160 repellit
458 2086 548 2158 longe
561 2086 672 2145 distare
683 2101 701 2143 a
712 2101 762 2144 se·
785 2100 854 2144 narn
867 2085 1026 2145 severitati

10 2185 13 2197 ·
51 2170 186 2230 cumula
200 2167 350 2230 convenit
385 2169 440 2229 Ad
461 2184 537 2227 rem
557 2168 728 2244 pertinet
747 2184 934 2244 quaerere
950 2168 1053 2230 hoct

10 2253 19 2327 3·
55 2254 157 2325 loco,
182 2252 271 2327 quid
290 2254 344 2312 sit
363 2253 645 2313 misericordia
670 2252 809 2327 plerique
823 2269 902 2313 emm
917 2252 1021 2312 utvrr

10 2330 22 2409 l
55 2341 150 2396 tutem
164 2351 231 2394 eam
246 2337 371 2396 laudant
385 2343 414 2396 et
428 2337 542 2397 bonurn
555 2335 708 2395 hominem
723 2343 835 2396 vocant
851 2335 1021 2396 misericor

10 2426 22 2453 ²
53 2420 135 2481 dem.
157 2418 195 2479 ttt
208 2419 284 2478 haec
300 2418 403 2479 vitium
417 2437 507 2480 animi
518 2427 579 2480 est
599 2425 729 2494 utraque
739 2434 819 2478 circa
830 2419 1022 2480 severitatem

10 2460 21 2565 ἶ
54 2503 200 2577 circaque
220 2503 407 2563 clementiam
428 2505 529 2602 posita
548 2510 632 2574 sunt,
655 2518 734 2578 quae
754 2504 849 2563 vitare
864 2503 1021 2577 debemus,

10 2572 123 2666 [per
136 2591 261 2662 speciem
273 2590 437 2647 severitatis
446 2606 484 2648 ne
493 2591 525 2648 in
535 2588 738 2649 crudelitatem
749 2588 925 2661 incidamus,
939 2587 1020 2665 neve]

55 2686 113 2747 per
127 2671 261 2746 speciem
276 2672 473 2732 clementiae
466 2689 496 2730 m
513 2671 761 2732 misericordiam
783 2672 816 2730 ln
833 2671 892 2731 hoc
907 2672 1022 2730 leviore

54 2753 191 2830 periculo
213 2763 343 2827 erratur,
371 2755 428 2815 sed
450 2771 505 2830 par
524 2771 610 2815 error
624 2762 672 2815 est
684 2771 703 2814 a
715 2771 790 2815 vero
804 2755 1020 2815 recedentium.

118 2839 156 2896 V.
174 2839 255 2912 Ergo
268 2840 521 2914 quemadmodum
535 2840 641 2913 religio
657 2839 734 2899 deos
749 2840 828 2913 colit,
846 2837 1021 2913 superstitio
1039 2855 1051 2904 t

52 2920 161 2993 violat,
188 2922 228 2981 ita
254 2924 442 2982 clementiam
470 2923 793 2998 mansuetudinemque
818 2938 925 2983 omnes
949 2923 1021 2980 boni

52 3004 110 3064 viri
124 3005 336 3079 praestabunt,
352 3007 590 3066 misericordiam
604 3015 704 3068 autem
720 3006 870 3066 vitabunt:
882 3014 931 3067 est
941 3021 1022 3064 enim

51 3088 156 3149 vitium
172 3089 273 3165 pusilli
287 3091 393 3162 animi,
411 3092 449 3150 ad
465 3093 600 3166 speciem
611 3092 778 3151 alienorum
789 3091 938 3150 malorum
952 3106 1021 3150 suc-

49 3172 193 3235 cidentis.
214 3174 317 3249 itaque
332 3176 467 3248 pessimo
486 3175 596 3248 cuique
612 3174 845 3234 iamiliarissirna
864 3182 926 3233 est:
944 3189 1020 3234 anus

49 3264 83 3318 et
97 3255 293 3318 mulierculae
307 3267 392 3332 sunt,
418 3275 496 3334 quae
510 3259 641 3318 lacrimis
657 3257 941 3319 nocentissimorum
956 3273 1020 3318 mo-

50 3348 175 3413 ventur,
198 3358 292 3417 quae,
317 3344 343 3401 si
357 3343 475 3414 liceret,
498 3358 650 3402 carcerem
665 3342 870 3417 effringerent.
902 3341 1019 3402 Miseri·

48 3425 158 3487 cordia
175 3442 235 3486 non
252 3442 390 3502 causam,
407 3427 463 3486 sed
478 3427 627 3486 fortunam
642 3433 773 3500 spectat:
797 3427 955 3485 clementia
971 3442 1019 3485 ra·

48 3509 124 3570 tioni
140 3510 267 3575 accedit.
304 3510 374 3571 Scio
395 3512 474 3570 male
495 3511 602 3570 audire
626 3510 708 3586 apud
732 3510 879 3585 inperitos
904 3517 1051 3569 sectama
