2438 3968
193 275 256 345 226
395 276 428 334 L.
449 275 595 336 ANNAEI
610 274 785 335 SENECAE
799 273 900 334 DIAL.
911 273 960 333 xl.

194 429 362 490 autbeatus
376 435 428 491 aut
439 428 540 489 nullus
552 432 620 486 estt
640 426 761 488 beatum
773 425 888 485 deflere
899 425 1015 485 invidia
1026 435 1082 499 est,
1099 429 1167 487 nul-

163 515 255 573 tlum
279 511 459 571 dementia.“
505 511 571 588 [ab]
597 511 645 569 An
672 510 731 570 hoc
750 517 781 570 te
800 517 916 584 movet,
940 510 1025 584 quod
1046 510 1168 570 videtur

194 595 365 671 ingentibus
387 602 417 655 et
438 611 507 654 cum
526 594 657 655 maxime
680 593 870 654 circumfusis
894 594 983 655 bonis
1005 594 1168 654 caruisset

195 696 264 742 cum
285 679 466 753 cogitaveris
487 678 580 738 multa
595 692 681 748 esse,
705 694 783 752 quae
798 677 943 751 perdidit,
964 678 1065 752 cogita
1078 680 1168 752 plura

194 779 280 837 esse,
303 778 383 836 quae
397 779 457 822 non
473 761 571 822 timet:
600 777 660 821 non
676 762 721 820 ira
734 776 803 821 curn
818 761 986 837 torquebit,
1008 777 1070 822 non
1085 778 1168 821 mor·

194 849 252 908 bus
268 845 405 920 adfliget,
427 861 488 905 non
509 845 645 919 suspicio
659 847 805 917 lacesset,
826 862 887 905 non
905 846 985 905 edax
998 850 1031 904 et
1044 845 1168 904 inimica

175 947 318 1006 >semper
338 929 445 990 alienis
465 928 664 1004 processibus
692 929 805 988 invidia
832 928 1074 1002 consectabitur,
1105 946 1166 989 non

194 1022 293 1080 metus
315 1013 501 1086 sollicitabit,
527 1029 588 1073 non
608 1013 715 1072 levitas
734 1015 873 1073 lortunae
890 1014 948 1073 cito
966 1029 1095 1072 munera
1111 1030 1168 1072 sua

197 1097 406 1160 transferentis
423 1097 610 1171 inquietabit.
647 1096 767 1156 sibene
784 1104 948 1172 conputas,
972 1096 1043 1171 plus
1060 1097 1103 1156 illi
1120 1113 1168 1156 re-

166 1183 321 1244 smissum
338 1198 430 1256 quam
445 1188 583 1255 ereptum
596 1188 652 1241 est.
686 1180 752 1240 Non
768 1180 878 1256 opibus
894 1182 1022 1253 lruetur,
1039 1197 1100 1241 non
1116 1189 1168 1241 tua

196 1266 285 1327 simul
307 1281 343 1324 ac
364 1281 421 1326 sua
440 1264 545 1339 gratia.
576 1281 637 1325 uon
658 1265 788 1338 accipiet
804 1265 967 1338 beneficia,
991 1280 1053 1324 non
1067 1266 1167 1325 debita

195 1351 340 1410 miserum
355 1356 458 1424 putas,
485 1349 568 1423 quod
582 1349 640 1409 ista
654 1347 767 1420 amisit,
789 1365 827 1408 an
842 1348 978 1422 beatum,
1003 1349 1089 1424 quod
1106 1366 1168 1409 non

196 1435 372 1495 desiderate
391 1432 584 1505 mihicrede,
605 1434 631 1492 is
646 1431 763 1493 beatior
777 1439 837 1506 est,
860 1434 908 1492 cui
925 1435 1047 1492 fortuna
1057 1447 1168 1508 super·

196 1535 293 1584 vacua
315 1526 375 1591 est,
397 1532 488 1592 quam
508 1516 549 1588 is,
578 1517 626 1575 cui
648 1523 754 1591 parata
774 1524 830 1577 est.
869 1515 974 1576 Omnia
994 1515 1054 1576 ista
1073 1517 1167 1589 bona,

197 1618 278 1677 quae
289 1618 346 1662 nos
359 1600 503 1676 speciosa
515 1601 570 1659 sed
583 1600 682 1660 laliaci
690 1601 1011 1674 voluptatedelectant,
1024 1601 1167 1675 pecunia,

198 1686 344 1760 dignitas,
365 1685 500 1760 potentia
513 1684 635 1757 aliaque
650 1686 812 1758 conplura,
830 1685 868 1744 ad
885 1700 963 1759 quae
973 1683 1097 1758 generis
1113 1684 1167 1743 hu-

196 1768 278 1828 mani
295 1784 388 1829 caeca
403 1768 553 1843 cupiditas
570 1767 773 1843 obstupescit,
796 1784 865 1827 cunr
881 1769 987 1828 labore
1000 1767 1168 1842 possiden·

197 1861 260 1926 tur,
288 1868 356 1911 cum
375 1851 490 1913 invidia
512 1850 741 1926 conspiciuntur
762 1853 951 1927 eosdemque
976 1852 1063 1926 ipsos
1087 1868 1168 1927 quos

198 1943 366 2009 exornant,
398 1942 427 1994 et
453 1942 602 2009 premunt.
640 1936 710 2010 plus
736 1936 886 1996 minantur
912 1952 1003 2010 quam
1028 1945 1169 2011 prosunt

197 2019 313 2080 lubrica
333 2027 364 2079 et
384 2020 499 2078 incerta
519 2028 598 2081 sunt.
638 2037 802 2095 numquam
823 2019 903 2080 bene
920 2016 1074 2080 tenentur:
1098 2036 1167 2078 nam

197 2111 230 2164 ut
250 2103 322 2162 nibil
344 2103 383 2165 de
397 2111 534 2176 tempore
549 2104 648 2164 loturo
664 2103 816 2174 timeatur,
839 2104 908 2179 ipsa
922 2111 1021 2163 umen
1037 2119 1169 2178 magnae

168 2187 348 2255 oielicitatis
363 2188 456 2247 tutela
470 2187 598 2246 sollicita
612 2195 667 2247 est.
703 2187 735 2248 Si
750 2188 826 2248 velis
843 2188 968 2247 credere
982 2187 1072 2247 altius
1089 2189 1168 2246 veri-

197 2271 500 2343 tatemintuentibus,
522 2272 620 2330 omnis
632 2272 693 2331 vita
703 2271 886 2346 supplicium
898 2280 959 2331 est:
983 2271 1085 2334 inhoc
1097 2287 1168 2346 pro-

199 2357 323 2416 tundum
345 2354 573 2430 inquietumque
597 2356 724 2429 proiecti
749 2371 851 2427 mare,
879 2355 1002 2414 alternis
1028 2356 1168 2415 aestibus

197 2439 388 2513 reciprocum
411 2447 440 2500 et
459 2440 553 2499 modo
572 2440 718 2498 adlevans
743 2456 801 2498 nos
828 2438 936 2498 subitis
961 2439 1168 2512 incrementis,

198 2522 291 2583 modo
304 2521 469 2584 maioribus
481 2523 947 2595 damnisdelerensadsidueque
957 2523 1074 2582 iactans
1082 2540 1169 2583 num-

200 2623 291 2682 quam
306 2607 405 2666 stabili
415 2605 611 2668 consistimus
621 2608 700 2667 loco.
725 2607 893 2681 pendemus
905 2614 935 2666 et
944 2607 1130 2666 fluctuamur
1141 2614 1170 2665 et

199 2693 274 2749 alter
284 2689 314 2748 in
327 2689 612 2750 alteruminlidimur
620 2697 649 2750 et
657 2690 820 2765 aliquando
829 2690 1017 2764 naufragium
1028 2689 1167 2762 tacimus,

170 2784 187 2837 t
200 2789 322 2847 semper
335 2775 483 2834 timemus.
503 2775 537 2833 ln
551 2774 611 2833 hoc
624 2780 684 2833 tam
701 2775 872 2849 procelloso
888 2781 917 2833 et
933 2776 962 2833 in
974 2789 1082 2834 omnes
1094 2782 1168 2833 tem-

200 2864 335 2932 pestates
357 2858 497 2932 exposito
519 2858 594 2916 mari
614 2857 825 2932 navigantibus
852 2859 950 2918 nullus
976 2867 1083 2933 portus
1111 2858 1168 2917 nisi

200 2941 305 3012 mortis
327 2949 382 3000 est.
405 2957 443 3001 ne
459 2942 561 3016 itaque
576 2942 719 3001 invideris
735 2943 818 3001 tratri
831 2949 899 3002 tuo:
927 2941 1067 3017 quiescit.
1104 2951 1167 3002 tan-

200 3027 270 3086 dem
285 3025 375 3099 liber,
389 3024 517 3084 ,tandem
534 3032 629 3098 tutus,
649 3027 770 3087 tandem
784 3035 926 3087 aeternus
940 3034 996 3086 est.
1020 3027 1168 3101 supersti-

200 3117 260 3169 tem
282 3107 442 3170 Caesarem
465 3124 646 3184 omnemque
668 3110 734 3170 eius
758 3111 890 3185 prolem,
918 3110 1117 3185 superstitem
1140 3118 1169 3169 te

201 3208 268 3266 cunr
291 3193 501 3254 communibus
522 3193 614 3255 babet
635 3194 787 3257 tratribus,
821 3203 983 3269 antequam
1004 3194 1168 3269 quicquam

201 3292 240 3334 ex
261 3292 319 3336 suo
342 3278 454 3339 lavore⁴
469 3278 590 3340 fortuna
608 3285 750 3350 mutaret,
773 3285 902 3338 stantem
924 3279 1024 3338 adhuc
1044 3279 1126 3337 illam
1141 3286 1170 3336 et

171 3367 326 3420 &munera
347 3362 436 3433 plena
447 3377 547 3421 manu
562 3370 774 3436 congerentem
789 3363 919 3436 reliquit.
952 3363 1074 3422 Fruitur
1089 3377 1170 3421 nunc

201 3451 307 3517 aperto
324 3450 354 3501 et
373 3442 467 3505 libero
484 3446 585 3516 coelo,
609 3463 649 3506 ex
664 3446 767 3505 humili
782 3454 873 3520 atque
888 3447 1038 3521 depresso
1054 3447 1084 3505 in
1101 3462 1170 3505 eum

201 3525 323 3587 emicuit
337 3527 451 3601 locum,
471 3529 612 3603 quisquis
626 3529 676 3590 ille
686 3540 752 3603 est,
768 3530 820 3605 qui
834 3533 951 3593 solutos
963 3530 1095 3590 vinculis
1107 3531 1168 3589 ani
