2454 3982
228 260 329 319 DlAL.
349 262 386 319 V.
415 260 466 319 DE
487 261 555 319 tttA
576 261 647 320 LlB.
671 263 719 320 llI.
742 271 860 324 19—22.
992 263 1033 327 97
1075 284 1077 294 ’

54 412 142 472 illum
158 411 239 485 regis
255 411 414 471 comitatus
430 413 614 470 auferentem
627 427 665 472 eo
676 413 877 487 redacturum,
892 424 1033 477 uttrans-

35 495 93 564 ¹iri
115 496 291 568 calcarique
310 495 399 555 etiam
421 512 439 553 a
460 495 578 554 leminis
600 504 716 570 posset.
750 496 817 556 Huc
838 499 948 559 deinde
970 508 1087 576 ont-3,

56 595 129 638 nem
149 578 302 638 transtulit
322 578 392 637 belli
415 579 593 652 adparatum
613 589 643 639 et
663 580 777 640 tamdiu
800 583 921 642 adsedit
937 585 1032 658 operi,

55 666 159 723 donec
181 670 241 722 cet
259 678 341 721 nxxx
362 662 509 722 cuniculis
532 663 661 722 divisum
682 666 800 724 alveum
821 665 849 723 in
873 683 923 725 ccc
944 675 973 726 et
994 684 1033 725 tx

55 749 142 807 rivos
157 746 349 822 dispergeret
364 754 393 805 et
407 747 523 806 siccum
534 746 719 821 relinqueret
730 748 760 806 in
771 751 925 809 diversum
937 750 1032 810 fluen-

56 831 139 891 tibus
160 831 260 906 aquis.
290 829 382 889 Periit
402 831 504 904 itaque
525 838 555 889 et
574 838 708 906 tempus,
734 849 843 908 magna
864 835 893 892 in
914 836 1062 908 magnist

56 916 152 975 rebus
165 915 289 984 iactura,
307 922 336 973 et
349 916 473 972 militum
489 915 587 984 ardor,
603 931 691 988 quem
706 917 819 976 inutilis
834 919 921 978 labor
935 918 1031 992 tregit,

54 1007 86 1059 et
108 999 233 1069 occasio
255 998 452 1071 adgrediendi
473 997 645 1072 inparatos,
668 1000 737 1058 dum
760 1002 810 1061 illc
824 1003 935 1061 bellum
956 1002 1028 1061 indi-

55 1091 138 1142 ctum
152 1082 235 1142 hosti
250 1098 318 1141 cum
334 1081 456 1141 ilumine
471 1083 556 1156 gerit.
583 1083 638 1141 Hic
655 1085 752 1158 furor,
770 1087 840 1160 quid
858 1087 935 1144 enim
952 1086 1061 1150 attuda

57 1173 175 1226 voces?
194 1168 351 1227 Romanos
368 1182 492 1241 quoque
508 1166 642 1240 contigit.
666 1167 697 1228 C.
709 1169 788 1228 enim
804 1171 916 1229 Caesar
931 1169 1031 1228 villam

55 1252 85 1310 in
97 1249 321 1310 Herculanensi
335 1250 578 1325 pulcherrimam,
595 1251 666 1326 quia
681 1261 776 1313 mater
793 1270 849 1313 sua
865 1254 1030 1328 aliquando

55 1335 85 1394 in
101 1335 153 1394 illa
171 1334 323 1394 custodita
338 1341 416 1406 erat,
440 1333 531 1394 diruit
551 1337 682 1410 lecitque
704 1338 769 1396 eius
790 1354 847 1412 per
866 1337 925 1396 hoc
947 1346 1032 1397 nota·

55 1419 147 1477 bilem
169 1419 331 1477 fortunam.
363 1424 489 1477 stantem
517 1419 594 1476 enim
617 1422 925 1494 praenavigabamus,
952 1437 1032 1480 nuuc

54 1519 153 1562 causa
168 1502 286 1562 dirutae
303 1503 466 1576 quaeritur.

117 1586 210 1645 XXJI.
229 1587 267 1645 Et
277 1585 354 1644 haec
370 1586 531 1660 cogitanda
548 1595 619 1644 sunt
633 1588 787 1662 exempla,
805 1605 884 1663 quac
901 1589 986 1661 vites,
1002 1591 1058 1647 etl

57 1670 137 1729 illae
152 1671 322 1743 contrario,
340 1686 418 1745 qnae
434 1671 589 1745 sequaris,
610 1671 780 1742 moderata,
802 1672 897 1746 lenia,
919 1672 1031 1746 quibus

58 1769 112 1814 nec
123 1754 164 1813 ad
176 1754 371 1814 irascendum
387 1770 481 1815 causa
496 1753 590 1814 deluit
605 1770 662 1813 nec
674 1757 712 1813 ad
726 1756 933 1816 ulciscendum
945 1764 1030 1830 pote-

58 1847 130 1898 stas.
167 1837 245 1911 Quid
260 1838 338 1897 enim
362 1838 478 1897 facilius
492 1839 546 1898 luit
560 1840 712 1913 Antigono
730 1856 821 1914 quam
842 1841 920 1900 duos
936 1841 1059 1900 mani-2

59 1924 182 1996 putares
198 1922 269 1982 duci
283 1922 401 1994 iubere,
425 1923 475 1996 qui
497 1924 707 1983 incumbentes
728 1924 810 1998 regis
832 1925 1029 1985 tabernaculo

59 2007 218 2076 iaciebant,
234 2006 319 2082 quod
331 2006 468 2065 homines
481 2015 511 2066 et
522 2008 781 2081 periculosissime
793 2017 822 2067 et
832 2008 1031 2069 libentissime
1088 2066 1091 2075 ,

56 2091 186 2165 iaciunt,
214 2091 285 2167 [qut]
312 2090 351 2148 de
374 2105 448 2164 rege
473 2107 530 2150 suo
558 2092 635 2150 male
660 2093 852 2153 existimant?
885 2094 1032 2152 Audierat

60 2177 159 2234 omnia
172 2175 360 2248 Antigonus,
382 2182 487 2249 utpote
508 2192 576 2234 cum
596 2176 674 2235 inter
695 2176 843 2236 dicentem
859 2185 889 2236 et
906 2177 1030 2236 audien-

60 2266 113 2318 tem
128 2260 213 2334 palla
227 2259 396 2318 interesset.
419 2275 509 2332 quam
524 2259 573 2317 ille
588 2259 693 2318 leviter
707 2260 869 2320 commovit
883 2268 927 2320 et:
945 2260 1030 2332 „lon-

61 2342 133 2416 gius,
150 2343 256 2416 inquit,
273 2341 429 2414 discedite,
446 2359 485 2402 ne
499 2360 557 2402 vos
574 2358 628 2401 rex
644 2344 775 2403 audiat.“
798 2343 881 2402 Idem
899 2342 1060 2418 quadam-⁹1

62 2435 161 2497 nocte,
184 2442 252 2485 cum
274 2427 425 2500 quosdam
446 2442 484 2484 ex
498 2427 641 2485 militibus
658 2427 722 2486 suis
738 2427 915 2486 exaudisset
930 2427 1030 2485 omnia

62 2513 134 2570 mala
150 2510 337 2584 imprecantis
352 2509 432 2584 regi,
455 2511 505 2584 qui
521 2511 607 2584 ipsos
623 2511 651 2569 in
667 2511 741 2570 illud
756 2511 812 2569 iter
826 2516 856 2569 et
870 2510 1045 2569 inextrica'
1110 2531 1112 2533 ·

64 2592 113 2652 bile
129 2595 225 2655 lutum
242 2594 429 2667 deduxisset,
445 2596 577 2653 accessit
590 2594 629 2653 ad
645 2611 715 2664 em,
733 2595 784 2669 qui
800 2594 931 2653 maxime
945 2594 1029 2654 labo-

62 2679 177 2752 rabant,
201 2685 232 2738 et
253 2693 321 2736 cum
336 2678 511 2753 ignorantes
525 2695 544 2737 a
559 2694 620 2754 quo
635 2679 852 2738 adiuvarentur
866 2677 1030 2751 explicuis-

64 2769 117 2821 set:
140 2777 260 2834 ,‚nunc,
288 2761 400 2835 inquit,
422 2762 593 2822 maledicite
607 2762 776 2836 Antigono,
797 2761 884 2822 cuius
905 2761 977 2822 vitio
999 2763 1029 2821 in

64 2843 110 2904 bas
125 2846 266 2906 miserias
280 2845 445 2906 incidistis=
468 2847 496 2904 ei
511 2853 610 2905 autem
625 2847 704 2906 bene
720 2854 831 2921 optate,
848 2846 900 2920 qui
915 2862 972 2905 vos
988 2861 1027 2904 ex

64 2925 111 2989 bac
127 2930 274 3004 voragine
290 2930 423 2989 eduxit.“
444 2930 527 2989 ldem
543 2938 602 2990 tam
618 2931 680 2990 miti
695 2931 794 2990 animo
810 2929 941 2990 hostium
958 2942 1056 3008 suo-t

65 3026 119 3072 tum
135 3013 296 3073 maledicta
315 3031 405 3087 quam
421 3014 532 3074 civium
553 3015 625 3075 tulit.
649 3015 752 3089 itaque
768 3031 835 3075 cum
856 3014 885 3073 in
901 3014 1028 3087 parvulo

67 3099 191 3168 quodam
207 3099 333 3157 castello
349 3097 456 3158 Graeci
472 3098 686 3158 obsiderentur
706 3106 736 3158 et
749 3099 862 3159 fiducia
882 3098 941 3156 loci
955 3112 1028 3156 con-

67 3183 224 3241 temnentes
247 3181 365 3242 hostem
387 3183 479 3241 multa
501 3188 529 3240 in
552 3182 771 3242 deformitatem
786 3181 929 3255 Antigoni
946 3179 1028 3241 ioca·

66 3274 159 3324 rentur
174 3273 204 3324 et
219 3282 306 3327 nunc,
320 3273 464 3325 staturam
482 3264 638 3338 humilem,
660 3283 741 3325 nunc
757 3267 906 3326 conlisum
921 3281 1028 3326 nasum
1044 3261 1046 3265 ’

68 3344 245 3409 deriderent:
268 3350 423 3424 ,‚gaudeo,
444 3349 556 3424 inquit,
572 3357 601 3409 et
616 3350 730 3423 aliquid
746 3351 817 3410 boni
833 3366 941 3424 spero,
958 3350 1027 3409 siin

10 3456 11 3462 ¹
68 3433 164 3492 tastris
190 3434 267 3494 meis
294 3432 428 3493 Silenum
454 3433 583 3493 habeo.“
623 3433 696 3493 Cum
722 3435 780 3495 hos
803 3435 1058 3515 dicaceslamct

10 3532 11 3556 2
69 3512 240 3590 domuisset,
263 3517 360 3592 captis
375 3519 420 3577 sic
441 3534 516 3576 usus
532 3525 593 3592 est,
614 3526 646 3578 ut
666 3534 721 3578 eos
737 3519 788 3594 qui
803 3519 924 3578 militiae
939 3517 1028 3577 utiles

104 3620 200 3659 sannen
215 3621 284 3660 rrrrt.
299 3607 319 3659 l.
