2438 3968
133 213 193 279 146
275 213 278 220 ’
309 219 342 278 L.
363 220 511 279 ANNAEl
533 220 708 283 SENECAE
735 225 836 284 nint.
859 227 924 286 vll.
975 246 978 249 ·

131 372 260 432 neculla
286 373 315 431 in
342 373 472 434 decretis
494 375 559 434 eius
581 376 671 435 litura
691 377 740 436 sit.
769 375 967 453 intellegitur,
993 377 1113 441 etiarnsi

132 473 194 518 non
216 455 371 529 adiecero,
398 460 590 532 conpositum
612 459 847 536 ordinatumque
868 462 935 521 lore
956 462 1048 522 talem
1068 464 1114 522 vi-

101 543 199 601 lrurn
215 538 287 598 etin
305 539 343 600 iis
359 557 438 615 quae
459 551 537 617 aget
558 558 625 602 curn
648 544 787 604 comitate
809 545 1016 620 magnificum.
1050 548 1113 608 Erit

132 640 206 686 vera
233 623 309 682 ratio
339 624 480 685 sensibus
510 626 599 686 insita
628 634 658 687 et
691 629 817 702 capiens
846 628 919 688 inde
946 631 1111 706 principia:

133 725 190 769 nec
216 707 294 766 enirn
314 707 405 769 habet
425 709 523 782 aliud,
546 712 628 771 unde
652 719 779 771 conetur
805 717 857 772 aut
882 712 966 772 unde
992 714 1033 773 ad
1061 731 1112 774 ve·

133 810 196 853 rurn
225 789 359 866 inpeturn
387 793 500 866 capiat:
534 795 565 854 in
591 811 626 856 se
652 800 829 857 revertatur.
868 813 949 855 narn
978 800 1111 859 mundus

134 891 258 953 quoque
280 883 388 936 cuncta
408 879 604 953 conplectens
632 887 793 953 rectorque
815 880 951 940 universi
975 882 1054 943 deus
1081 883 1112 942 in

134 959 285 1023 exteriora
311 961 431 1034 quidem
456 963 566 1035 tendit,
592 965 648 1023 sed
672 971 770 1023 tamen
800 964 830 1022 in
856 970 953 1023 toturn
975 965 1112 1041 undique

133 1046 163 1105 in
186 1060 221 1106 se
240 1044 333 1104 redit=
361 1045 440 1104 idem
461 1055 565 1107 nostra
585 1063 671 1107 mens
695 1049 798 1107 iaciat:
822 1062 890 1107 curn
912 1057 1022 1109 secuta
1042 1064 1111 1109 sen·

134 1148 188 1190 sus
202 1144 277 1189 suos
293 1145 347 1203 per
368 1129 436 1190 illos
452 1146 487 1189 se
502 1132 541 1190 ad
557 1139 681 1192 externa
695 1131 872 1205 porrexerit,
895 1138 925 1191 et
939 1133 1061 1193 illorum
1082 1141 1113 1195 et

103 1214 182 1279 esui
203 1219 313 1290 potens
336 1213 383 1274 sit.
428 1215 494 1274 Hoc
519 1217 611 1276 modo
640 1232 701 1275 una
719 1214 867 1275 efficietur
887 1215 936 1276 vis
959 1232 997 1276 ac
1025 1225 1110 1292 pote·

134 1309 198 1361 stus
215 1313 346 1359 concors
357 1298 415 1358 sibi
432 1306 462 1358 et
476 1300 552 1361 ratio
567 1301 618 1360 illa
630 1307 711 1360 certa
722 1307 865 1359 nascetur
877 1314 940 1360 non
952 1300 1111 1362 dissidens

133 1400 191 1445 nec
204 1383 360 1444 haesitans
378 1382 408 1442 in
430 1384 624 1459 opinionibus
647 1382 1032 1458 conprehensionibusque
1052 1401 1110 1447 nec

133 1468 164 1528 in
179 1469 394 1545 persuasione,
416 1484 495 1544 quae
518 1484 586 1528 curn
605 1484 640 1528 se
661 1466 813 1542 disposuit
832 1474 862 1527 et
883 1468 1023 1541 partibus
1044 1469 1110 1530 suis

135 1552 292 1614 consensit
306 1561 343 1626 et,
362 1561 394 1614 ut
408 1552 449 1614 ita
463 1553 570 1626 dicam,
587 1550 747 1623 concinuit,
770 1567 919 1610 summurn
934 1551 1050 1612 bonurn
1067 1560 1110 1613 te-

133 1638 206 1710 tigit.
230 1637 301 1696 nihil
317 1639 396 1697 enim
411 1637 507 1713 pravi,
529 1637 602 1696 nihil
617 1636 722 1696 lubrici
737 1641 888 1709 superest,
909 1635 982 1695 nihil
999 1637 1030 1696 in
1046 1653 1108 1711 quo

102 1721 239 1781 darietet
259 1729 310 1781 aut
327 1723 416 1781 labet.
454 1722 554 1782 omnia
576 1721 665 1781 laciet
685 1735 724 1779 ex
743 1718 872 1793 imperio
894 1735 952 1780 suo
971 1720 1110 1795 nihilque

134 1805 320 1878 inopinatum
336 1805 462 1879 accidet,
478 1805 534 1864 sed
551 1804 696 1880 quicquid
711 1810 824 1877 agetur,
841 1803 870 1861 in
886 1803 1003 1863 bonurn
1018 1805 1112 1864 exibit

135 1888 223 1947 lacile
238 1896 268 1948 et
290 1895 392 1961 parate
407 1895 437 1947 et
458 1888 524 1948 sine
547 1887 794 1963 tergiversatione
815 1887 943 1960 agentis.
972 1903 1043 1947 narn
1066 1889 1110 1964 pi-

134 1971 223 2045 gritia
251 1979 280 2030 et
308 1971 466 2031 haesitatio
498 1988 628 2045 pugnam
654 1978 684 2030 et
708 1971 939 2030 inconstantiam
965 1972 1110 2032 ostendit.

136 2055 234 2128 Quare
259 2055 414 2114 audaciter
438 2053 508 2114 licet
532 2056 701 2129 profitearis
723 2071 872 2114 summurn
896 2054 1013 2116 bonurn
1038 2071 1111 2116 esse

135 2139 225 2200 animi
247 2139 450 2200 concordiam.
478 2139 604 2200 virtutes
627 2140 707 2199 enim
726 2139 767 2197 ibi
779 2153 851 2198 esse
871 2137 1035 2212 debebunt,
1058 2139 1110 2199 ubi

137 2240 306 2284 consensus
322 2229 413 2297 atque
427 2223 527 2283 unitas
539 2224 608 2283 erit:
632 2222 782 2283 dissident
796 2221 876 2281 vitia.

105 2317 121 2371 1
199 2307 248 2366 lX.
270 2307 352 2381 „Sed
368 2315 399 2367 tu
414 2323 546 2382 quoque,
561 2308 666 2381 inquit,
681 2307 891 2365 virtutemnon
905 2305 945 2365 ob
958 2306 1042 2368 aliud
1057 2323 1109 2368 co·

135 2392 182 2464 lis,
199 2409 289 2467 quarn
304 2391 376 2466 quia
397 2392 528 2466 aliquam
544 2408 582 2450 ex
602 2392 652 2450 illa
673 2407 782 2465 speras
802 2391 1019 2464 voluptutem.“
1045 2389 1109 2451 Pri·

136 2493 215 2537 mum
237 2491 318 2550 non,
335 2477 368 2536 si
383 2477 620 2550 voluptatem
636 2471 1108 2550 praestaturavirtusest,

136 2559 223 2620 ideo
241 2559 513 2635 propterhanc
528 2559 681 2634 petitur.
705 2575 765 2618 non
780 2557 949 2632 enimhanc
962 2565 1109 2633 praestat,

138 2645 236 2704 sedet
256 2645 344 2716 hanc,
371 2659 428 2702 nec
448 2643 519 2703 huic
538 2644 670 2716 laborat,
691 2643 748 2703 sed
768 2641 855 2702 labor
869 2640 945 2714 eius,
968 2643 1109 2717 quamvis

105 2727 220 2787 natiud
235 2735 325 2802 petat,
339 2727 400 2788 hoc
416 2743 539 2802 quoque
558 2727 752 2802 adsequetur.
777 2725 862 2786 Sicut
876 2725 905 2784 in
920 2741 1006 2798 arvo,
1022 2727 1108 2802 quod

138 2809 234 2885 segeti
254 2811 441 2887 proscissum
463 2819 524 2883 est,
545 2809 638 2885 aliqui
655 2808 749 2870 flores
770 2810 1023 2882 internascentur,
1046 2826 1107 2870 non

136 2894 474 2968 tamenhuicherbulae,
490 2893 629 2970 quamvis
640 2895 769 2955 delectet
781 2895 897 2966 oculos,
909 2899 1022 2953 tanturn
1032 2909 1108 2971 ope·

136 2978 178 3038 ris
194 2977 379 3055 insumptum
394 2986 449 3039 est
471 2978 553 3038 aliud
568 2977 623 3038 luit
633 2978 745 3038 serenti
761 2977 963 3055 propositum,
979 2977 1040 3038 hoc
1056 2994 1108 3039 su·

138 3063 288 3138 pervenit:
311 3061 356 3123 sic
370 3070 399 3123 et
409 3062 552 3137 voluptas
568 3078 629 3122 non
642 3071 690 3122 est
700 3076 817 3122 merces
832 3077 889 3121 nec
905 3077 1001 3121 causa
1014 3062 1108 3122 virtu·

137 3145 185 3219 tis,
204 3147 260 3206 sed
275 3146 423 3221 accessio,
445 3162 502 3206 nec
518 3146 589 3220 quia
603 3146 741 3219 delectat,
756 3146 864 3220 placet,
886 3146 943 3206 sed
955 3144 982 3204 si
997 3147 1108 3220 placet

105 3234 124 3290 d
139 3236 170 3289 et
181 3228 318 3290 delectat.
341 3230 496 3291 Summum
510 3230 623 3290 bonurn
637 3231 667 3289 in
685 3229 754 3304 ipso
769 3229 881 3290 iudicio
899 3235 989 3293 estet
1001 3229 1110 3291 habitu

139 3312 269 3386 optimae
283 3315 399 3388 mentis,
416 3330 495 3389 quae
509 3329 577 3375 curn
589 3330 678 3375 suum
693 3314 818 3389 inplevit
832 3320 861 3373 et
871 3313 983 3374 linibus
996 3328 1030 3372 se
1042 3313 1108 3374 suis

139 3393 240 3468 cinxit,
263 3407 501 3460 consummatum
516 3405 563 3458 est
577 3414 726 3458 summurn
741 3398 855 3457 bonurn
869 3412 926 3457 nec
942 3397 1108 3472 quicquam

137 3478 268 3555 amplius
283 3481 444 3542 desiderat.
465 3481 536 3542 nihil
552 3482 630 3542 enirn
645 3488 730 3542 extra
744 3488 837 3542 toturn
853 3487 909 3553 est,
929 3496 992 3540 non
1006 3482 1105 3557 nragis
