2438 3968
156 119 217 184 228
355 118 552 178 L.ANNAE1
572 116 747 177 SENECAE
768 115 870 175 DIAL.
884 114 935 174 XI.

156 280 229 334 nota
245 279 310 332 erat
324 271 479 342 condicio,
501 271 559 331 sed
572 270 708 331 mortalis
723 270 813 329 animi
828 285 902 345 spes
917 270 1025 345 avida,
1046 285 1128 345 quae

156 356 301 429 subinde,
321 354 394 431 qnid
408 371 509 415 rerum
523 362 630 415 natura
644 354 696 424 sit,
713 353 899 414 obliviscitur
913 368 971 413 nee
981 369 1128 428 umquam

127 441 246 503 osortis
264 455 338 500 suae
354 439 501 511 meminit,
518 437 576 498 nisi
591 454 660 498 eum
675 437 863 497 admonetur.
897 435 1005 498 Gaude
1021 437 1129 512 itaque

155 523 302 585 habuisse
318 530 349 582 te
362 529 423 583 tam
438 523 551 583 bonum
565 523 687 581 iratrem
701 528 731 579 et
741 537 832 580 usum
845 522 1038 595 fructumque
1049 521 1128 593 eius,

157 606 297 684 quamvis
318 605 442 667 brevior
461 613 532 667 voto
556 613 606 665 tuo
628 604 730 677 luerit,
759 603 831 664 boni
846 605 983 665 consule.
1022 604 1129 678 Cogita

156 691 407 752 iucundissimum
419 705 498 761 esse,
515 689 598 763 quod
610 687 756 762 habuisti,
771 687 944 760 humanum,
960 688 1045 762 quod
1057 703 1130 764 per-

157 774 270 835 didisti.
291 789 349 833 nee
362 773 443 833 enim
458 773 621 849 quiequam
635 771 735 832 minus
750 771 827 831 inter
838 787 873 833 se
887 777 1129 832 consentaneum

157 865 204 920 est
225 873 317 933 quarn
336 858 468 932 aliquem
488 856 618 930 moveri,
641 856 724 931 quod
744 853 803 916 sibi
823 855 891 916 talis
912 857 1007 916 irater
1021 871 1129 929 parum

158 942 207 1002 diu
224 941 397 1014 eontigerit,
413 957 472 1000 non
488 940 635 1014 gaudere,
653 938 737 1015 quod
750 947 850 1018 tamen
865 938 1033 1014 eontigerit.

132 1037 145 1086 1
218 1024 267 1084 XI.
296 1025 356 1097 „At
376 1023 543 1099 inopinanti
563 1030 686 1098 ereptus
706 1027 784 1082 est.“
815 1021 878 1084 Sua
893 1038 1049 1098 quemque
1063 1038 1129 1083 ere-

158 1109 268 1170 dulitas
284 1107 399 1182 deeipit
414 1115 444 1168 et
457 1107 488 1167 in
502 1108 556 1178 eis,
572 1122 651 1182 quae
664 1105 766 1181 diligit,
782 1105 952 1167 voluntaria
962 1107 1130 1168 mortalita·

157 1193 196 1253 tis
211 1193 339 1254 oblivio:
360 1200 468 1252 natura
486 1190 560 1251 nulli
583 1207 619 1250 se
634 1191 825 1250 necessitatis
842 1205 919 1251 suae
933 1190 1063 1264 gratiam
1086 1191 1129 1249 la-

159 1286 273 1338 eturam
293 1292 364 1336 esse
383 1282 493 1336 testata
513 1281 569 1334 est.
602 1274 718 1335 Cotidie
744 1282 864 1348 praeter
879 1275 987 1335 oeulos
1002 1280 1128 1334 nostros

158 1367 317 1422 transeunt
329 1366 470 1421 notorum
480 1359 713 1433 ignotorumque
725 1358 840 1418 lunera.
864 1375 920 1419 nos
933 1364 1034 1418 tamen
1046 1356 1129 1418 aliud

159 1445 276 1519 agimus
292 1452 322 1503 et
336 1444 468 1504 subitum
482 1441 514 1502 id
528 1449 669 1517 putamus
684 1457 771 1516 esse,
789 1443 874 1516 quod
887 1440 977 1502 nobis
992 1449 1057 1503 tota
1070 1442 1130 1502 vita

160 1528 353 1588 denuntiatur
373 1528 514 1587 iuturum.
547 1542 608 1585 non
624 1533 670 1585 est
684 1523 788 1599 itaque
800 1525 859 1586 ista
874 1528 1005 1587 latorum
1019 1525 1129 1600 iniqui·

159 1621 221 1685 tas,
237 1612 293 1672 sed
305 1610 414 1672 mentis
425 1610 576 1670 humanae
588 1609 720 1685 pravitas
731 1608 910 1670 insatiabilis
923 1625 1024 1670 rerum
1033 1609 1130 1670 omni·

161 1710 224 1764 um,
245 1710 324 1768 quae
338 1693 510 1769 indignatur
523 1693 595 1754 inde
610 1709 644 1755 se
659 1696 757 1767 exire,
780 1710 841 1769 quo
853 1693 990 1755 admissa
1002 1700 1051 1754 est
1060 1708 1130 1769 pre

131 1775 251 1838 toenio.
285 1783 351 1851 [30.]
375 1777 491 1851 Quanto
512 1778 562 1837 ille
582 1777 703 1849 iustior,
726 1778 779 1851 qui
801 1777 937 1839 nuntiata
957 1776 1011 1837 lilii
1031 1784 1130 1837 morte

162 1861 283 1936 dignam
304 1877 413 1936 magno
435 1861 501 1920 viro
522 1877 630 1921 vocem
650 1859 768 1921 emisit:
799 1877 869 1936 ego
897 1877 976 1923 oum
997 1860 1130 1936 genui,

161 1952 234 2004 tum
253 1944 475 2006 moriturum
498 1945 606 2004 seivi.
641 1944 771 2005 Prorsus
791 1961 852 2005 non
873 1943 992 2004 mireris
1009 1960 1050 2004 ex
1071 1944 1132 2006 hoo

162 2036 264 2089 natum
284 2044 368 2100 esse,
398 2029 450 2103 qui
471 2029 588 2089 lortiter
608 2029 683 2089 mori
706 2037 821 2103 posset.
843 2045 905 2090 uon
919 2028 1042 2104 aceepit
1055 2037 1130 2090 tam·

162 2129 253 2190 quam
273 2130 384 2173 novum
406 2112 541 2173 nuntium
561 2111 615 2172 filii
635 2121 775 2172 mortenia
803 2111 880 2187 quid
900 2119 948 2173 est
961 2111 1042 2173 enim
1059 2110 1131 2173 novi

161 2196 312 2257 hominem
333 2197 423 2271 mori,
446 2197 533 2256 euius
550 2204 614 2257 tota
628 2197 688 2256 vita
701 2194 774 2256 nihil
789 2195 870 2257 aliud
886 2213 978 2272 quam
994 2195 1034 2256 ad
1049 2212 1130 2258 mor-

161 2288 220 2340 tem
245 2280 301 2341 iter
325 2287 392 2341 est‘t
423 2280 500 2355 Ego
533 2297 614 2341 oum
639 2280 768 2354 genui,
800 2288 875 2342 tum
903 2278 1131 2340 moriturum

133 2364 271 2429 ascivi.
304 2365 420 2425 Deinde
441 2364 552 2424 adieoit
564 2381 628 2423 rem
643 2363 768 2424 maioris
783 2373 813 2424 et
828 2365 1007 2440 prudentiae
1022 2372 1053 2423 et
1067 2362 1131 2424 aui·

164 2448 216 2507 mi:
249 2456 285 2509 et
311 2448 397 2508 huie
425 2447 480 2507 rei
509 2449 661 2508 sustuli.
702 2446 813 2508 Omnes
831 2447 902 2508 huie
921 2445 967 2507 rei
987 2447 1131 2509 tollimur.

166 2532 305 2607 quisquis
320 2533 463 2592 advitam
477 2532 588 2605 editur,
603 2531 643 2591 ad
655 2541 780 2592 mortem
792 2531 967 2592 destinatur.
991 2530 1131 2593 Gaudea-

164 2631 231 2673 mus
253 2630 306 2688 eo,
333 2616 416 2691 quod
437 2615 570 2687 dabitur,
591 2616 818 2689 reddamusque
832 2615 879 2690 id,
901 2630 968 2675 oum
983 2630 1130 2690 reposce

165 2715 239 2757 mur.
275 2698 366 2759 alium
388 2700 447 2758 alio
463 2707 600 2773 tempore
614 2701 675 2758 lata
689 2698 956 2774 conprehenderit,
979 2699 1130 2759 neminem

165 2782 379 2857 praeteribunt.
411 2787 441 2842 in
464 2781 619 2857 procinctu
641 2790 699 2843 stet
719 2784 837 2842 animus
858 2789 889 2842 et
908 2782 954 2855 id,
976 2782 1062 2858 quod
1079 2798 1131 2842 ne-

165 2883 254 2927 eesse
268 2873 329 2938 est,
353 2882 517 2940 numquam
530 2867 647 2936 timeat,
669 2867 752 2941 quod
766 2867 912 2926 incertum
923 2873 985 2939 est,
1008 2880 1132 2941 semper

136 2956 330 3024 qexspeetet
367 2950 444 3024 Quid
465 2950 563 3010 dicam
584 2951 679 3010 duces
704 2950 877 3024 dueumque
902 2948 1080 3025 progeniem
1102 2956 1132 3010 et

165 3034 263 3093 multis
284 3041 336 3094 aut
355 3034 563 3095 consulatibus
586 3034 771 3108 conspicuos
792 3040 844 3094 aut
864 3033 1025 3108 triumphis
1048 3040 1131 3094 sorte

165 3117 324 3178 defunctos
339 3117 540 3179 inexorabili?
561 3125 624 3178 tola
639 3134 706 3177 eum
720 3117 846 3193 regibus
856 3133 951 3192 regna
963 3118 1132 3193 populique

165 3215 233 3258 eum
246 3206 300 3272 [re]
313 3203 453 3274 gentious
463 3205 559 3262 tulere
571 3202 663 3262 iatum
675 3218 779 3262 suum:
802 3217 916 3274 omnes,
927 3201 1019 3262 immo
1030 3199 1132 3261 omnia

164 3283 194 3343 in
210 3283 344 3342 ultimum
360 3285 439 3345 diem
454 3292 602 3361 spectant.
636 3286 702 3346 Non
722 3285 803 3345 idem
817 3285 970 3347 universis
988 3284 1059 3346 linis
1075 3293 1131 3344 est.

165 3366 255 3428 alium
268 3366 297 3425 iu
309 3369 409 3429 medio
422 3386 513 3430 eursu
524 3370 585 3430 vita
596 3369 718 3441 deserit,
734 3369 826 3429 alium
837 3369 866 3428 in
874 3369 944 3445 ipso
951 3370 1034 3430 aditu
1042 3369 1129 3428 relin-
