2438 3968
252 241 302 300 DE
325 239 542 299 CLEMENTIA
567 238 825 300 llB.1.12-14.
960 238 1024 302 289

52 394 256 465 miserabilem
272 391 371 465 illum,
393 389 450 450 sibi
466 398 563 449 certe!
595 405 662 447 nam
679 391 788 449 ceteris
802 388 939 450 misereri
954 391 1022 451 eius

53 479 142 538 nelas
163 477 217 549 sit,
239 476 290 550 qui
308 473 454 534 caedibus
480 489 516 532 ac
540 472 656 547 rapinis
682 472 847 548 potentiam
875 475 1021 550 exercuit,

54 561 108 637 qui
125 567 272 635 suspecta
286 558 344 619 sibi
361 568 469 618 cuncto
485 557 616 616 reddidit
635 565 696 616 tam
714 565 839 617 externa
861 574 952 632 quam
966 557 1020 619 do-

53 644 195 715 mestica,
211 660 280 702 oum
294 659 378 702 anna
392 647 505 700 metuat
520 641 559 698 ad
572 656 655 699 arma
666 641 861 714 confugiens
877 657 937 701 non
948 643 1022 702 ami-

55 744 160 789 corum
174 728 245 787 fidei
261 727 407 796 credens,
431 741 491 785 non
507 723 668 784 liberorum
686 724 797 798 pietali.
833 725 884 799 qui
898 725 950 785 ubi
966 725 1022 784 cir-

54 809 1023 887 cumspexitquaequelecitquaequelacturusestetcouscien·

54 896 126 956 tiam
153 911 240 955 suum
268 895 387 969 plenam
412 891 580 952 sceleribus
610 908 645 952 ao
669 891 827 952 tormentis
855 893 1022 969 adaperuit,

54 995 151 1055 saepe
176 986 301 1038 mortem
325 978 421 1050 limet,
446 975 571 1050 saepius
597 982 681 1052 optat
700 976 827 1036 invisior
847 977 905 1037 sibi
932 993 1023 1052 quam

55 1062 269 1124 servientibus.
306 1061 330 1118 E
352 1059 502 1119 connario
527 1062 568 1133 is,
590 1060 638 1121 cui
660 1076 752 1121 curae
777 1069 848 1121 sunt
871 1061 1050 1134 universal

55 1148 108 1223 qui
123 1147 181 1206 alia
196 1148 308 1220 magia,
324 1145 383 1203 alia
397 1141 495 1203 minus
511 1151 624 1217 tuetur,
640 1146 750 1204 nullam
765 1160 825 1204 non
837 1145 1023 1220 reipublicae

58 1239 174 1307 partem
189 1239 341 1303 tamquam
356 1228 404 1287 sui
419 1228 518 1300 nutrit,
534 1228 694 1288 inclinatus
710 1228 748 1288 ad
763 1228 890 1300 mitiora,
906 1229 1023 1289 etiamsi

55 1331 94 1375 ex
106 1330 166 1374 usu
179 1321 227 1374 est
240 1312 494 1385 animadvertere,
514 1314 680 1373 ostendens
697 1329 787 1387 quam
802 1312 913 1374 invitus
932 1329 1022 1388 aspe-

54 1416 91 1459 ro
112 1396 247 1458 remedio
267 1413 375 1456 manus
397 1396 575 1469 admoveat,
604 1396 634 1455 in
653 1397 740 1457 cuius
760 1397 860 1458 animo
877 1396 948 1456 nihil
967 1397 1021 1458 ho-

55 1483 139 1553 stile,
167 1481 240 1540 nihil
255 1481 381 1541 alierum
397 1488 459 1553 est,
480 1480 531 1554 qui
555 1480 726 1555 polentiam
745 1497 832 1541 suam
852 1481 971 1555 placide
985 1497 1023 1541 ac

56 1565 227 1627 salutariter
247 1573 384 1637 exercet,
405 1565 579 1638 adprobare
599 1563 725 1640 imperia
746 1580 803 1624 sua
829 1565 947 1625 civibus
970 1581 1022 1625 cu·

56 1651 158 1726 piens,
181 1650 253 1709 ielix
268 1649 389 1708 abunde
409 1648 467 1707 sibi
483 1646 583 1718 visus,
605 1647 632 1708 si
652 1650 803 1708 fortunam
818 1664 904 1708 suam
925 1648 1023 1723 publi·

56 1734 185 1806 caverit,
203 1749 344 1793 sermone
360 1731 499 1792 adfabilis
516 1747 706 1806 accessuque
719 1731 830 1804 faciliS,
850 1733 950 1806 voltu,
971 1732 1024 1808 qui

56 1820 188 1879 maxime
203 1818 337 1893 populos
353 1817 537 1887 demeretur,
561 1815 713 1888 amabilis,
736 1817 844 1890 aequis
861 1814 1023 1877 desideriis

57 1918 248 1978 propensus
272 1901 362 1961 etiem
382 1899 494 1974 iniquis
509 1898 590 1976 [non]
612 1900 757 1972 acerbus,
781 1917 799 1958 a
820 1909 884 1961 tota
904 1901 1025 1961 civitate

57 1995 188 2057 amatur,
210 1984 395 2056 defenditur,
419 1984 533 2044 colitur.
567 1983 679 2042 Eadem
695 1984 733 2042 de
748 1983 799 2043 illo
814 1984 953 2045 homines
977 1995 1053 2046 seo

58 2079 140 2130 creto
156 2072 322 2145 loquuntur
338 2084 417 2145 quae
432 2071 541 2142 palam.
562 2069 669 2128 tollere
684 2068 764 2127 filios
783 2069 908 2143 cupiunt
925 2076 955 2128 et
968 2085 1023 2142 pu·

57 2153 144 2214 blicis
163 2154 249 2213 malis
266 2153 408 2214 sterilitas
426 2153 539 2213 indicta
554 2152 725 2212 recluditur.
761 2153 840 2211 bene
854 2168 889 2212 se
903 2152 1024 2212 meritu-

58 2254 124 2297 rum
140 2237 178 2296 de
193 2236 295 2296 liberis
311 2238 376 2298 suis
393 2237 524 2312 quisque
544 2254 605 2297 non
621 2236 751 2305 dubitat,
775 2235 887 2309 quibus
902 2236 961 2294 tale
976 2250 1024 2296 se-

59 2321 160 2381 culum
177 2321 352 2380 ostenderit.
386 2320 442 2379 Hie
458 2321 601 2394 princeps
617 2337 674 2379 suo
688 2319 839 2379 beneficio
853 2326 937 2380 tutus
952 2319 1026 2380 nihil

58 2402 222 2479 praesidiis
242 2413 324 2476 egel,
345 2420 428 2463 arma
443 2400 611 2463 ornamenti
626 2419 719 2463 causa
732 2402 833 2463 habet.

119 2485 199 2546 XIV.
219 2485 305 2559 Quod
327 2504 399 2560 ergo
421 2488 555 2546 officium
580 2487 646 2545 eius
672 2494 740 2546 est?
767 2487 851 2562 quod
875 2487 1050 2554 bonorum}

59 2578 234 2647 pareutum,
258 2570 308 2645 qui
335 2570 496 2644 obiurgare
516 2571 629 2630 liberos
651 2586 877 2645 nonnumquam
905 2570 1026 2643 blande,

59 2670 287 2729 nonnumquam
299 2653 454 2714 minaciter
466 2656 571 2725 solent,
585 2654 748 2728 aliquando
761 2656 926 2714 admonere
938 2654 1027 2714 etiam

59 2737 249 2799 verberibus.
279 2737 432 2812 Numquid
447 2737 558 2812 aliquis
574 2754 668 2798 sanus
684 2737 777 2798 lilium
788 2756 806 2798 a
819 2737 917 2814 prima
931 2737 1026 2797 offen-

62 2839 99 2883 sa
114 2821 301 2882 exheredat?
320 2822 378 2881 nisi
392 2837 521 2895 magnae
535 2829 566 2881 el
580 2822 691 2882 multae
709 2821 836 2881 iniuriae
851 2821 1028 2897 patientiam

61 2905 222 2977 evicerint,
245 2905 302 2966 nisi
318 2909 386 2980 plus
407 2907 552 2980 estquod
574 2907 657 2967 timet
677 2921 768 2981 quam
791 2907 873 2981 quod
894 2905 1025 2977 damnat,

61 3006 121 3050 non
137 2989 256 3049 accedit
270 2991 307 3049 ad
329 2989 529 3050 decretorium
551 2991 660 3050 stilum.
698 2991 790 3050 multa
810 2998 879 3049 ante
892 2997 1026 3063 temptat,

61 3073 174 3150 quibus
189 3073 311 3133 dubiam
326 3075 457 3134 indolem
473 3081 502 3132 el
516 3076 620 3148 peiore
635 3077 703 3134 loco
718 3073 778 3133 iam
794 3075 924 3147 positam
937 3088 1025 3132 revo-

55 3164 121 3218 oet:
142 3157 231 3216 simul
252 3158 440 3232 deploratum
464 3165 524 3230 est,
544 3158 647 3218 ultima
671 3156 834 3232 experitur.
872 3172 961 3216 nemo
986 3155 1027 3215 ad

62 3239 213 3315 supplicia
227 3242 375 3315 exigenda
387 3242 531 3316 pervenit
548 3241 607 3302 nisi
619 3242 670 3317 qui
681 3241 816 3301 remedia
827 3239 1027 3316 consumpsit.

60 3324 128 3383 Hoc
150 3325 232 3398 quod
253 3325 386 3400 parenti,
409 3326 496 3386 eliam
520 3325 648 3402 principi
671 3325 839 3386 laciendum
855 3333 914 3397 est,
938 3335 1057 3399 querna

60 3408 280 3483 adpellavimus
294 3409 411 3469 Patrem
420 3410 537 3468 Patriae
548 3427 609 3470 non
621 3409 794 3469 adulatione
806 3425 884 3468 vana
895 3407 1028 3478 adducti.

60 3498 162 3552 cetera
178 3493 257 3551 enim
275 3494 456 3569 cognomina
470 3494 579 3554 honori
594 3495 664 3554 data
680 3500 764 3554 suna
784 3493 914 3566 Magnos
929 3502 959 3552 ει
972 3494 1027 3552 Fe-

102 3595 203 3634 sunucn
217 3597 285 3634 nuru.
300 3582 321 3635 Ι.
833 3583 872 3639 ab
