2438 3968
202 260 244 322 98
494 262 526 320 L.
549 261 694 320 ANNAEI
717 261 891 322 SENECAE

202 420 302 487 erant,
325 413 355 472 in
373 412 515 473 cohortes
536 413 736 485 describeret,
760 419 879 473 ceteros
895 416 1058 487 praeconi
1074 418 1179 478 subice

200 505 261 569 ret,
283 496 376 572 idque
397 513 432 556 se
453 497 574 570 negavit
587 497 734 556 iacturum
750 497 861 569 luisse,
881 498 946 558 nisi
960 500 1179 576 expediretltis

203 579 356 640 dominum
371 580 492 652 habere,
509 580 560 654 qui
575 586 633 638 tam
649 580 758 638 malam
772 579 921 640 haberent
937 582 1096 659 linguam.

174 676 190 729 1
285 665 388 724 XXlll.
409 664 507 724 Huius
522 679 621 738 nepos
644 663 700 722 luit
714 664 903 737 Alexander,
928 665 985 741 qui
1001 669 1177 729 lanceamir

202 748 351 808 convivas
373 764 449 808 suos
470 747 646 822 torquebat,
674 747 725 821 qui
746 762 784 806 ex
804 747 927 808 duobus
950 751 1086 826 amicis,
1111 768 1177 829 quas

202 832 294 906 paulo
310 838 379 890 ante
395 832 498 902 retuli,
515 832 641 890 alterum
657 831 740 889 lerae
756 829 880 904 obiecit,
896 834 1036 894 alterum
1053 837 1123 896 sihi.
1148 852 1176 896 ex

172 915 249 978 this
274 916 396 975 duobus
419 921 519 973 tamen
546 915 596 988 qui
622 914 703 972 leoni
728 913 867 975 obiectus
891 923 955 990 est,
992 919 1085 979 vixit
1122 920 1176 981 lton

201 999 305 1058 hahuit
319 999 378 1058 hoc
392 999 503 1056 avitum
519 997 569 1057 ille
582 998 703 1070 vitium,
718 1014 757 1056 ne
772 1004 929 1073 paternum
946 1001 1094 1075 quidem.
1120 1018 1176 1064 nan

203 1083 229 1140 si
245 1097 305 1155 qua
325 1081 384 1140 alia
403 1081 432 1139 in
446 1080 584 1155 Philippo
606 1082 715 1153 virtus,
742 1079 797 1141 tuit
813 1089 843 1142 et
857 1085 1122 1147 contumeliarum
1134 1104 1175 1164 pa

201 1165 313 1235 tientia,
330 1165 437 1240 ingens
452 1165 682 1224 instrumentum
697 1165 736 1224 ad
750 1166 871 1224 tutelam
886 1167 986 1240 regni.
1013 1168 1176 1234 Democha-

202 1263 252 1307 res
273 1248 311 1307 ad
331 1249 414 1308 illum
434 1247 656 1307 Parrhesiastes
684 1248 723 1306 ob
744 1247 865 1307 nimiam
886 1257 915 1309 et
935 1266 1114 1325 procacem
1132 1255 1176 1315 lin

203 1348 293 1406 guam
306 1333 476 1407 adpetimus
491 1331 655 1392 interritos
668 1330 898 1391 Atheniensium
909 1333 1040 1408 legatos
1053 1344 1175 1400 venerat

204 1416 306 1476 audita
320 1416 450 1490 benigne
464 1416 614 1491 legatione
627 1414 800 1490 Philippus:
823 1415 948 1488 ,‚dicite‚
965 1417 1092 1497 inquit,
1107 1422 1175 1493 milti,

203 1501 303 1560 lacere
329 1501 402 1574 quid
428 1500 559 1574 possim,
591 1500 675 1574 quod
701 1499 740 1557 sit
763 1497 1006 1561 Atheniensibus
1034 1507 1175 1581 {grauunt

172 1585 325 1659 sexcepit
339 1584 544 1644 Demochares
559 1591 603 1643 et:
626 1589 690 1655 „te,
710 1582 821 1656 inquit,
840 1584 1077 1657 suspendere.“
1108 1589 1174 1651 ludi

203 1667 305 1740 gnatia
332 1667 588 1728 circumstantium
619 1667 659 1724 ad
683 1672 743 1725 tam
768 1665 964 1725 inhumanum
992 1686 1174 1748 responsum

205 1757 311 1810 exorta
331 1759 403 1812 erat.
431 1767 510 1824 quos
523 1750 681 1824 Philippus
703 1749 910 1809 conticescere
930 1749 1029 1814 iussit
1050 1756 1173 1819 et'lhu

205 1833 293 1892 sitam
316 1834 398 1892 illum
425 1835 543 1892 salvum
568 1833 812 1907 incolumemque
836 1832 997 1894 dimittere.
1036 1843 1103 1911 „At
1120 1856 1174 1911 vor,

204 1916 315 1989 inquit,
333 1917 424 1976 ceteri
437 1918 543 1990 legati,
559 1917 690 1977 nuntiate
705 1917 942 1977 Atheniensibus
958 1923 1064 1984 mullo
1079 1938 1173 2001 super

204 2000 307 2060 biores
323 2015 408 2072 esse,
431 2000 482 2073 qui
496 2001 555 2060 ista
575 2001 679 2061 dicunt
705 2017 796 2076 quam
818 2001 869 2075 qui
888 2001 1006 2076 inpune
1028 2006 1117 2068 dieta
1134 2024 1173 2068 atr

174 2083 320 2144 Adiunt“
352 2082 446 2144 llllulta
472 2093 502 2144 et
528 2083 617 2144 divus
638 2087 794 2157 Augustus
819 2084 910 2158 digna
934 2090 1094 2151 memoria
1119 2088 1175 2151 lect

204 2167 354 2241 dixitque,
380 2183 419 2226 ex
446 2168 556 2242 quibus
576 2169 723 2242 adpareat
746 2170 820 2227 iram
846 2166 888 2227 illi
913 2185 975 2229 non
996 2171 1174 2249 imperasse

202 2251 377 2324 Timagenes
391 2251 580 2311 historiarum
596 2252 726 2326 scriptor
740 2251 890 2327 quaedam
905 2253 934 2310 in
949 2253 1075 2331 ipsum,
1092 2272 1173 2333 quae

204 2336 273 2396 dam
287 2335 317 2395 in
333 2350 461 2395 uxorem
481 2336 548 2395 eius
570 2343 600 2395 et
613 2336 643 2394 in
658 2343 749 2396 totam
765 2337 887 2394 domum
903 2336 1026 2398 dixerat
1042 2356 1104 2402 nec
1118 2356 1173 2417 pa*

203 2420 322 2480 diderat
342 2420 430 2480 dicta.
463 2421 559 2494 magis
580 2421 658 2479 enim
682 2419 937 2480 circumferturet
957 2420 1065 2483 inore
1087 2423 1172 2486 honi

175 2516 275 2569 onum
290 2512 337 2564 est
350 2501 507 2563 temeraria
522 2504 686 2563 urbanitas.
709 2502 808 2576 Saepe
824 2502 905 2562 illum
922 2502 1040 2564 Caesar
1055 2508 1172 2575 monuit

204 2587 389 2647 moderatius
404 2586 507 2661 lingua
520 2594 669 2647 uteretur:
687 2587 894 2661 perseveranti
910 2587 1000 2646 domo
1018 2606 1081 2651 sue
1092 2592 1172 2653 inter

205 2669 289 2730 dixit.
319 2671 431 2731 Postea
443 2671 622 2745 Timagenes
643 2669 673 2728 in
695 2670 894 2730 contubernio
907 2669 1060 2734 Pollionis
1081 2670 1173 2736 Asini

206 2755 365 2814 consenuit
380 2771 415 2813 ac
438 2761 498 2815 tota
512 2754 634 2814 civitate
649 2754 787 2828 direptus
802 2761 857 2813 est.
891 2754 1005 2814 nullum
1023 2754 1070 2817 illi
1090 2758 1173 2819 timer
1204 2799 1206 2820 2

176 2838 366 2911 apracclusa
378 2837 517 2898 Caesaris
533 2839 642 2897 domus
658 2838 788 2898 abstulit.
809 2838 958 2897 Historias
973 2846 1091 2912 postea
1105 2854 1174 2919 quat

186 2918 386 2994 scripserat,
411 2922 548 2981 recitavit
566 2929 596 2981 et
615 2922 772 2982 conbussit
792 2930 821 2981 et
834 2921 929 2982 libros
950 2928 1020 2981 acta
1037 2922 1175 2987 caesaris

203 3003 335 3078 Augusti
360 3005 542 3065 continentis
567 3005 596 3064 in
624 3006 721 3079 ignem
743 3006 854 3080 posuit.
887 3005 1064 3066 inimicitias
1084 3006 1177 3085 gemit

205 3103 273 3147 cum
290 3088 434 3148 Caesare:
457 3104 545 3147 nemo
561 3088 720 3150 amicitiam
735 3090 800 3147 eius
817 3088 965 3161 extimuit,
980 3104 1077 3153 nemo
1092 3090 1175 3170 quai

206 3171 379 3245 fulguritum
403 3170 522 3247 refugit.
555 3173 611 3232 luit
634 3173 685 3246 qui
712 3173 871 3248 praeheret
893 3179 954 3232 tam
974 3173 1037 3232 alte
1061 3172 1176 3238 cadenti

176 3254 315 3316 isinum.
335 3254 412 3316 Tulit
428 3258 495 3328 hoc,
511 3263 544 3316 ut
557 3255 629 3328 dixi,
648 3254 760 3316 Caesar
773 3255 929 3330 patienter,
944 3271 982 3314 ne
997 3271 1039 3318 eo
1056 3260 1177 3337 quiden

205 3343 322 3411 motus,
344 3341 428 3415 quod
449 3340 591 3400 laudibus
605 3339 670 3400 suis
685 3340 841 3414 rebusque
855 3340 949 3414 gestis
965 3356 1082 3405 manus
1097 3346 1177 3407 adt*

206 3423 290 3483 leret
325 3438 489 3498 numquam
517 3440 584 3483 cum
610 3423 731 3498 hospite
755 3423 866 3482 inimici
890 3422 939 3481 sui
964 3435 1101 3498 questus
1126 3432 1177 3489 eet·

175 3505 266 3571 ahoe
284 3504 440 3567 dumtaxat
457 3507 581 3566 Pollioni
604 3508 710 3568 Asinio
733 3506 822 3566 dixit:
842 3507 1097 3587 θηριοτροφεες.
1129 3512 1178 3573 Pa·
