2438 3968
125 265 940 340 noronrssrunoaconsummandi-9.[nn
968 265 1031 327 aaa

59 419 200 480 omnibus
227 426 256 477 ct
280 418 320 477 de
339 417 398 477 illis
419 417 568 489 meruisti,
596 434 674 491 quos
696 418 835 493 pluribus
854 427 944 481 notos
959 434 1031 481 esse

58 504 181 564 voluisti
204 517 295 576 quam
310 502 511 577 scripserant,
536 503 658 561 multum
673 509 773 562 tecum
789 511 951 563 morentur.
984 509 1030 563 tu-

60 597 121 647 tum
137 587 168 646 id
183 587 245 646 exit
256 601 345 646 omne
356 591 485 660 tenpus,
501 585 583 659 quod
596 584 656 645 illis
671 586 816 646 luendum
831 586 1030 647 commiseris.

59 681 131 732 tunc
146 669 286 730 Caesaris
304 668 346 728 tui
369 684 479 743 opera,
501 677 534 729 ut
549 684 604 743 per
625 670 725 729 omnia
738 671 845 730 secula
859 669 1029 731 domestico

59 761 218 815 narrentur
234 753 414 827 praeconio,
431 761 574 827 quantum
591 761 689 827 potes,
705 769 856 827 conpone.
877 769 947 813 narn
962 754 1030 830 ipse

59 839 113 899 tibi
129 836 241 912 optime
258 837 406 897 formandi
422 836 636 911 condendique
651 852 701 897 res
716 844 820 911 gestas
833 845 863 898 et
873 836 1029 897 materiam

59 922 144 983 dabit
158 928 189 980 et
201 922 384 995 exemplum.
414 925 481 993 [ab]
501 919 568 980 Non
583 921 683 981 audeo
698 929 728 981 te
744 936 846 997 usque
864 937 901 982 eo
919 921 1060 996 produ-3

60 1021 140 1082 cero,
156 1014 189 1065 ut
203 1006 329 1065 tabellas
346 1019 470 1079 quoque
484 1012 515 1064 et
527 1009 691 1080 Aesopeos
708 1006 806 1080 logos,
822 1006 1030 1079 intemptatum

59 1091 206 1151 Romanis
226 1087 357 1164 ingeniis
382 1104 476 1163 opus,
498 1090 588 1149 solita
609 1089 662 1150 tibi
681 1095 840 1150 venustate
856 1096 1031 1149 connectas.

60 1173 184 1234 difficile
205 1180 252 1234 est
274 1172 411 1247 quidem,
432 1177 466 1231 ut
486 1172 524 1231 ad
541 1172 617 1232 haec
631 1173 773 1234 hilariora
790 1173 890 1233 studia
904 1180 965 1234 tarn
979 1188 1032 1232 ve·

60 1260 217 1317 hemcnter
229 1254 390 1331 perculsus
404 1256 522 1316 animus
537 1265 598 1318 tam
614 1257 672 1317 cito
685 1258 786 1332 possit
796 1258 960 1317 accedere:
971 1256 1032 1317 hoc

61 1351 161 1402 tamen
179 1347 388 1416 argumentum
411 1340 521 1400 habeto
542 1338 601 1399 iarn
623 1341 817 1401 conroborati
839 1341 905 1400 eius
920 1340 1031 1400 elred-

62 1425 115 1485 diti
139 1425 210 1495 sibi,
235 1425 261 1483 si
282 1423 393 1498 poterit
412 1440 430 1483 a
445 1424 652 1484 severioribus
667 1423 789 1499 scriptis
805 1424 933 1484 adhaec
949 1425 1031 1485 solu-

61 1511 138 1570 tiora
158 1509 338 1582 procedere.
370 1507 479 1567 inillis
501 1508 580 1567 enim
602 1509 741 1581 quamvis
757 1524 881 1582 aegrum
896 1524 966 1567 eum
979 1507 1061 1569 adl

61 1594 122 1652 huc
153 1599 183 1651 et
195 1607 301 1651 secum
330 1592 529 1651 reluctantem
555 1586 697 1652 avocabit
718 1593 788 1666 ipsa
812 1607 929 1666 rerum,
955 1607 1032 1668 quas

62 1675 215 1747 tractabit,
237 1674 414 1735 austeritas:
436 1675 513 1734 haec
530 1691 609 1750 quae
623 1675 752 1735 remissa
767 1677 866 1736 fronte
881 1690 1032 1736 commen-

62 1760 155 1820 tanda
177 1766 262 1833 sunt,
283 1776 343 1819 non
366 1760 455 1832 leret,
477 1758 536 1818 nisi
557 1775 624 1818 cum
646 1759 706 1818 iarn
723 1760 782 1819 sibi
796 1760 835 1820 ab
850 1760 931 1819 omni
948 1767 1033 1833 parte

61 1843 240 1904 constiterit.
260 1842 363 1917 itaque
379 1843 506 1905 debebis
518 1858 587 1903 eum
599 1843 755 1904 severiore
766 1845 892 1904 materia
904 1844 1032 1918 primum

62 1942 223 1998 exercere,
247 1926 358 1987 deinde
372 1927 515 1987 hilariore
529 1934 708 2002 temperare.

126 2010 175 2069 IX.
196 2011 295 2070 ltlud
311 2027 464 2085 quoque
479 2011 697 2086 magnatibi
712 2010 1060 2084 eritlevamento‚t

63 2094 97 2155 si
130 2110 251 2170 saepo
280 2101 315 2154 te
349 2095 441 2172 [sic]
469 2095 795 2169 interrogaveris:
829 2095 1034 2167 „Utrumne

64 2194 145 2238 mco
174 2179 327 2240 nomine
355 2179 470 2240 doleo
501 2196 543 2238 an
572 2179 656 2239 eius
686 2179 751 2254 qui
777 2179 976 2238 decessit?
1007 2176 1034 2236 si

63 2278 148 2334 mec,
175 2262 253 2337 perit
272 2264 380 2340 [meae]
400 2263 605 2336 indulgentiae
625 2262 745 2323 iactatio
767 2273 798 2322 et
819 2261 925 2336 incipit
946 2260 1035 2320 dolor

63 2347 124 2406 boc
137 2362 199 2405 uno
214 2354 394 2420 excusatus,
410 2346 494 2422 quod
508 2347 654 2407 honestus
669 2355 730 2419 est,
746 2361 814 2405 cum
827 2347 865 2405 ad
878 2343 1032 2406 utilitatem

63 2427 224 2503 respiciat,
246 2446 264 2488 a
286 2430 396 2504 pietate
413 2431 597 2490 desciscere.
630 2430 703 2489 nihil
719 2437 819 2489 autern
836 2429 936 2488 minus
951 2428 1033 2488 bono

62 2515 132 2572 viro
153 2513 295 2572 convenit
315 2530 405 2587 quarn
424 2514 454 2573 in
475 2514 576 2573 fratris
591 2516 673 2574 luctu
689 2515 824 2575 calculos
840 2528 965 2587 ponere.
1001 2511 1063 2572 Sia

63 2596 147 2657 illius
162 2595 284 2656 nominc
296 2597 400 2671 doleo,
417 2614 547 2658 necesse
559 2605 605 2657 est
617 2600 788 2658 alterutrum
801 2613 840 2657 ex
852 2597 900 2657 his
912 2596 1032 2656 duobus

64 2697 138 2740 esse
159 2678 305 2738 iudicem:
333 2683 445 2741 namsi
468 2683 568 2742 nullus
589 2682 738 2742 defunctis
755 2696 867 2741 sensus
883 2688 1033 2756 superest,

65 2764 166 2823 evasit
182 2765 283 2823 omnia
298 2763 390 2823 irater
409 2780 496 2824 meus
510 2767 590 2825 vitae
606 2763 799 2827 incommoda
814 2772 844 2825 ct
858 2765 888 2824 in
904 2781 973 2824 eum
986 2780 1032 2824 re·

66 2849 189 2908 stitutus
212 2854 259 2907 est
282 2848 399 2921 locum,
426 2848 456 2906 in
479 2864 539 2922 quo
560 2851 658 2909 luerat
671 2855 831 2923 antequam
849 2855 1034 2920 nasceretur,

66 2941 98 2991 et
109 2947 221 3006 expers
236 2931 333 2992 omnis
344 2931 413 2990 mali
428 2931 501 2990 nihil
513 2932 610 3002 timet,
627 2932 699 2992 nibil
711 2934 808 3008 cupit,
824 2932 896 2991 nibil
909 2933 1034 3006 potituri

68 3016 137 3090 quis
158 3016 215 3074 iste
231 3017 316 3075 furor
332 3023 379 3075 est
395 3031 451 3089 pro
469 3032 506 3075 eo
521 3031 747 3092 menumquam
765 3016 869 3077 dolere
883 3017 1034 3076 desinere.
1072 3054 1073 3058 =

67 3099 121 3174 qui
131 3115 294 3174 numquam
302 3099 450 3159 doliturus
459 3106 525 3159 est?
541 3097 571 3158 Si
582 3101 904 3175 estaliquisdelunctis
914 3113 1064 3172 sensus,3

66 3199 149 3242 nunc
164 3183 281 3243 animus
299 3182 399 3242 lratris
410 3181 469 3242 mei
482 3184 563 3242 velut
574 3199 612 3242 ex
627 3184 742 3244 diutino
758 3199 880 3244 carcere
893 3183 1034 3257 emissae,

66 3268 189 3328 tandein
210 3268 256 3326 sui
276 3268 350 3326 iuris
365 3274 395 3326 et
411 3266 537 3338 arbitrii,
560 3268 651 3341 gestit
666 3275 696 3325 et
707 3283 806 3327 rerum
824 3274 949 3328 naturae
966 3283 1035 3342 spe-

67 3352 186 3410 ctaculo
198 3352 306 3412 fruitur
318 3360 347 3411 et
357 3352 490 3412 humana
501 3351 646 3410 omniaex
654 3352 813 3426 superiore
821 3353 889 3414 loco
895 3352 1034 3427 despicit,

66 3433 171 3496 divina
189 3450 276 3507 vero,
298 3452 427 3508 quorum
441 3436 587 3495 rationem
603 3436 715 3495 tamdiu
729 3437 842 3497 frustra
854 3437 1036 3513 quaesierat

67 3518 196 3594 propius
211 3519 349 3580 intuetur.
374 3519 450 3593 Quid
463 3519 642 3595 itaque-eius
656 3520 808 3580 desiderio
820 3536 969 3593 maceror,
985 3520 1037 3596 qui

109 3623 209 3662 sunnon
223 3623 290 3663 nnn.
305 3607 325 3660 l.
801 3615 832 3665 15
