2438 3968
200 247 261 312 180
386 248 418 306 L.
442 247 587 306 ANNAEI
611 246 785 306 SENECAE
808 248 908 307 nint.
930 249 980 307 IX.

198 401 227 460 in
246 415 306 475 qua
320 405 445 460 senatus
462 399 657 472 populusque
672 403 781 456 senatu
796 397 919 470 similis,
942 397 1043 457 coibat
1057 397 1170 459 cotidie

200 483 376 544 carnificum
395 483 481 543 triste
503 480 662 555 collegium
684 486 713 540 et
726 479 831 538 infelix
852 480 936 540 curia
955 482 1094 559 tyrannis
1115 499 1169 542 an-

198 575 303 643 gusta:
327 572 482 642 poteratne
498 567 549 624 illa
563 565 668 624 civitas
687 564 922 638 conquiescere,
942 565 972 623 in
989 581 1050 639 qua
1063 574 1107 627 tot
1121 575 1168 643 ty-

197 652 285 710 ranni
306 658 392 710 erant
412 655 487 725 quot
502 649 646 709 satellites
666 653 791 708 essent?
818 662 857 706 ne
877 663 950 722 spes
969 649 1092 723 quidem
1108 651 1169 709 ulla

197 735 393 809 recipiendae
414 733 558 792 libertatis
580 732 687 790 animis
710 726 829 807 poterat
843 731 962 805 offerri,
981 748 1038 792 nec
1054 735 1107 793 ulli
1121 750 1169 793 re-

198 820 298 878 medio
314 820 402 879 locus
415 816 581 892 adparebat
596 824 700 875 contra
710 822 825 876 tantam
836 817 896 887 vim
908 818 1070 876 malorum:
1086 819 1169 878 unde

166 911 183 962 2
199 903 278 961 enim
293 902 423 961 miserae
444 898 556 960 civitati
575 906 620 959 tot
635 899 839 959 Harmodios?
866 897 1009 960 Socrates
1023 907 1122 960 tamen
1138 903 1168 961 in

198 986 298 1046 mcdio
320 992 384 1044 erat
404 991 433 1044 et
454 986 591 1058 lugentes
606 992 710 1058 patres
726 983 941 1043 consolabatur
955 993 986 1043 et
1000 984 1168 1058 desperan-

197 1076 245 1128 tes
261 1069 299 1128 de
313 1069 468 1142 republica
484 1067 700 1127 exhortabatur
715 1075 744 1126 et
759 1066 900 1127 divitibus
924 1083 1000 1142 opes
1017 1084 1091 1128 suas
1106 1086 1168 1129 me·

198 1153 351 1212 tuentibus
374 1151 580 1226 exprobrabat
600 1166 698 1211 seram
720 1149 912 1226 periculosae
932 1152 1078 1212 avaritiae
1094 1169 1168 1228 poe-

198 1236 351 1296 nitentiam
378 1245 408 1296 et
432 1234 540 1294 imitari
565 1235 735 1294 volentibus
766 1249 908 1308 magnum
937 1236 1168 1296 circumferebat

199 1322 375 1395 exemplar‚'
397 1336 464 1380 cum
490 1319 567 1379 inter
591 1318 712 1392 triginta
736 1318 877 1379 dominos
903 1318 978 1378 liber
1001 1319 1168 1380 incederet.

166 1414 183 1468 3
197 1404 285 1464 Hunc
300 1411 399 1464 tamen
414 1403 654 1477 Athenae'ipsae
668 1403 697 1461 in
714 1417 837 1461 carcere
852 1402 1042 1475 occiderunt,
1064 1410 1093 1462 et
1116 1405 1169 1478 qui

198 1495 262 1549 tuto
283 1489 479 1549 insultaverat
498 1487 608 1562 agmini
630 1493 827 1564 tyrannorum
849 1486 938 1560 civis,
965 1489 1028 1547 eius
1046 1487 1167 1548 liberta-

198 1581 258 1633 tem
279 1572 402 1633 libertas
422 1587 484 1632 non
504 1572 584 1631 tulit:
609 1578 642 1630 ut
662 1571 743 1630 scias
764 1578 795 1630 et
817 1571 847 1630 in
867 1569 990 1630 adflicta
1009 1572 1169 1646 republica

199 1671 270 1715 esse
292 1657 485 1717 occasionem
506 1654 636 1730 sapienti
657 1655 722 1715 viro
743 1655 782 1714 ad
801 1670 836 1714 se
857 1655 1073 1730 proferendum
1094 1657 1167 1716 etin

199 1737 320 1798 florenti
341 1755 376 1799 ac
396 1740 485 1799 beata
497 1739 671 1814 pecuniam,
693 1736 852 1812 inuidiam,
872 1738 952 1798 mille
967 1739 1026 1798 alia
1040 1739 1167 1800 inermia

168 1821 270 1886 duritia
290 1838 427 1896 regnare.
456 1824 628 1896 Utcumque
647 1838 719 1896 ergo
741 1838 776 1882 se
799 1822 976 1897 respublica
995 1823 1093 1896 dabit,
1122 1833 1165 1885 ut·

201 1920 330 1979 cumque
351 1907 473 1983 fortuna
494 1906 656 1980 permittet,
677 1905 719 1966 ita
740 1912 791 1965 aut
805 1905 1026 1981 explicabimus
1042 1923 1099 1966 nos
1117 1917 1183 1972 auti

200 1988 430 2048 contrairemus:
451 1988 556 2063 utique
574 1989 763 2050 movebimus
785 2004 842 2048 nec
862 1988 982 2064 adligati
1002 1999 1085 2051 metu
1104 2000 1166 2052 tor-

199 2071 349 2146 pebimus.
384 2072 474 2132 immo
491 2072 541 2131 ille
557 2073 602 2131 vir
619 2073 720 2147 luerit,
745 2074 795 2148 qui
812 2073 954 2147 periculis
970 2073 1107 2149 undique
1122 2076 1166 2134 in-

199 2155 396 2227 minentibus,
419 2155 511 2215 armis
534 2156 614 2215 circa
629 2164 658 2216 et
672 2157 786 2217 catenis
802 2157 998 2218 frementibus
1013 2175 1074 2218 non
1091 2154 1167 2219 adli-

200 2240 273 2300 serit
293 2239 432 2300 virtutem
449 2255 506 2298 nec
521 2240 725 2301 absconderit.
753 2255 814 2299 non
830 2250 877 2301 est
890 2241 968 2300 enim
988 2258 1113 2303 servare
1131 2260 1166 2303 se

167 2324 343 2398 sobruere‚
359 2331 391 2383 ut
403 2325 520 2398 opinor.
543 2324 649 2384 Curius
661 2325 806 2384 Dentatus
818 2324 931 2398 aiebat,
943 2327 1059 2386 malle
1075 2343 1167 2387 esse

199 2424 240 2468 se
261 2415 447 2468 mortuum
470 2425 572 2483 quam
595 2408 734 2467 vivere.
768 2408 910 2468 Ultimum
925 2410 1072 2469 malorum
1088 2419 1166 2470 este

199 2491 337 2558 vivorum
357 2508 481 2551 numero
503 2492 601 2563 exire,
624 2499 784 2566 antequam
798 2490 947 2551 moriaris.
976 2493 1031 2555 sed
1053 2494 1166 2553 lacien-

200 2576 269 2634 dum
287 2576 355 2650 erit,
372 2576 397 2635 si
412 2575 442 2634 in
457 2574 644 2650 reipublicae
664 2583 783 2649 tempus
802 2575 902 2634 minus
922 2576 1078 2637 tractabile
1092 2577 1165 2638 inci·

200 2658 296 2729 deris,
310 2666 344 2718 ut
358 2660 426 2734 plus
443 2660 503 2719 otio
519 2675 555 2718 ac
571 2659 665 2718 literis
679 2659 826 2719 vindices.
856 2674 913 2719 nec
928 2659 1013 2719 aliter
1028 2677 1120 2734 quam
1135 2662 1165 2720 in

200 2741 373 2813 periculosa
397 2742 589 2817 navigatione
616 2742 745 2802 subinde
772 2750 890 2816 portum
912 2750 1000 2816 petas
1027 2760 1084 2803 nec
1113 2760 1164 2804 ex·

200 2831 335 2897 spectes,
365 2827 464 2886 donec
491 2841 541 2885 res
569 2834 598 2884 te
625 2825 786 2900 dimittant,
814 2826 870 2886 sed
896 2826 1013 2887 abillis
1041 2836 1071 2888 te
1096 2829 1164 2903 ipse

202 2906 351 2988 diiungas.

169 2999 183 3050 1
261 2993 311 3052 Vl.
351 2994 553 3067 Inspicere
587 3001 707 3052 autem
744 2994 968 3054 debebimus
1005 2987 1164 3069 pr'imum

199 3077 482 3150 nosmetipsos,
510 3075 650 3136 deinde
678 3093 735 3149 ea,
766 3094 864 3152 quae
891 3078 1165 3152 adgrediemur

199 3159 368 3233 negotia,
399 3159 540 3220 deinde
568 3177 649 3233 eoS,
677 3177 833 3233 quorum
860 3178 977 3221 causa
999 3172 1062 3223 aut
1083 3180 1162 3223 cum

201 3240 348 3316 quibus.
415 3295 417 3298 ,

167 3331 184 3383 2
259 3327 355 3384 Ante
387 3327 511 3386 omnia
539 3329 559 3402 †
589 3328 911 3389 considerandum
939 3337 1011 3405 est,
1041 3339 1162 3391 utrum

199 3413 335 3466 natura
363 3414 426 3467 tua
453 3412 616 3482 agendis
643 3412 759 3471 rebus
791 3429 832 3473 an
869 3412 998 3474 otioso
1027 3415 1161 3474 studio

199 3493 600 3568 contemplationique
620 3496 747 3568 aptior
767 3497 832 3570 sit,
854 3504 889 3556 et
909 3513 952 3557 eo
968 3496 1160 3558 inclinan-
