2454 3982
233 272 333 332 DIAL.
348 273 386 330 V.
415 272 466 332 Im
487 274 554 332 IRA
576 273 647 332 LlB.
671 273 720 332 lll.
741 283 860 336 22—25.
994 272 1036 334 9⁹

57 425 137 484 ranti
153 424 265 483 deindo
280 423 508 482 excusationem
523 423 637 484 obstitit
652 432 695 483 et:
718 425 853 498 ,‚truere,
870 424 980 501 inquit,
996 427 1035 486 mi

56 508 170 581 Pollio,
188 508 318 567 fruere.“
338 514 369 566 et
386 522 454 566 cum
464 507 568 581 Pollio,
585 507 711 567 diceret:
727 507 784 583 „,si
799 508 896 585 iubes,
913 511 1034 583 Caesar,

60 593 162 652 statim
176 591 218 650 illi
235 592 326 651 domo
337 605 405 649 mea
416 590 633 650 interdicam.‘“
656 592 740 665 „Hoc
752 607 808 665 me,
824 593 928 668 inquit,
945 601 1034 668 putas

62 677 225 745 iacturum,
249 691 317 734 cum
333 691 390 749 ego
411 691 466 734 vos
482 675 511 734 in
527 676 652 749 gratiam
673 676 894 736 reduxerimt“
924 676 1035 738 Fuerat

62 761 139 819 enim
162 759 328 833 aliquando
348 759 501 832 Timageni
522 759 617 819 Pollio
639 760 734 820 iratus
757 774 814 818 nec
835 761 925 820 ullam
945 762 1034 821 aliam

61 843 209 904 babuerat
223 858 348 901 causam
363 842 532 917 desinendi,
549 859 640 917 quam
656 844 739 917 quod
752 842 864 903 Caesar
880 854 1032 918 coeperat.

119 927 229 987 XXIV.
253 927 339 986 Dicat
353 927 454 1001 itaque
470 927 528 986 sibi
545 927 684 1001 quisque,
702 927 843 1002 quotiens
855 928 1031 988 lacessitur:
1045 935 1058 985 1

62 1011 208 1086 numquid
224 1011 376 1085 patentior
391 1026 458 1070 sum
470 1009 630 1085 Philippo?
642 1011 683 1070 illi
699 1019 798 1071 tamen
814 1012 928 1086 inpune
942 1013 1032 1071 male-

62 1095 250 1154 dictumest.
280 1094 428 1169 numquid
451 1094 479 1151 in
501 1095 592 1154 domo
612 1109 680 1152 mea
702 1095 771 1169 plus
794 1111 921 1170 possum
943 1112 1032 1170 quam

61 1186 120 1238 toto
143 1178 220 1239 orbe
240 1185 389 1237 terrarum
416 1178 504 1236 divus
526 1179 683 1252 Augustus
709 1179 827 1252 potuitt
858 1181 908 1239 ille
934 1187 1032 1239 tamen

61 1268 222 1323 contentus
247 1262 303 1320 init
327 1279 345 1320 a
370 1262 573 1321 conviciatore
604 1278 661 1322 suo
687 1262 843 1322 secedere.
885 1262 962 1336 Quid
986 1269 1062 1324 estt

61 1361 155 1420 quare
167 1360 228 1418 ego
244 1345 325 1405 servi
338 1345 397 1404 mei
413 1345 523 1404 clarius
537 1360 720 1418 responsum
735 1353 764 1404 et
778 1348 1033 1420 contumaciorem

61 1431 176 1490 voltum
200 1436 230 1489 et
250 1445 311 1488 non
335 1429 558 1502 pervenientem
581 1444 680 1503 usque
701 1430 740 1487 ad
761 1444 809 1488 me
823 1431 1032 1492 murmuratio-

60 1529 126 1572 nem
149 1511 281 1586 flagellis
307 1519 338 1572 et
361 1512 552 1587 conpedibus
578 1513 719 1586 expiem?
751 1513 819 1586 quis
840 1529 923 1586 sum,
946 1513 1033 1575 cuius
1113 1567 1116 1571 .

59 1613 149 1656 aures
166 1596 246 1655 laedi
261 1597 346 1655 neias
362 1596 421 1656 siri
441 1596 622 1670 ignoverunt
633 1595 717 1655 multi
729 1596 884 1657 hostibus:
901 1613 958 1672 ego
971 1615 1030 1658 non

59 1681 217 1755 ignoscam
234 1679 342 1754 pigris,
365 1680 609 1754 neglegentibus,
630 1680 783 1754 garrulist
802 1679 932 1740 Puerum
946 1689 1061 1746 actast

58 1769 196 1835 excuset,
212 1764 353 1822 feminam
368 1779 478 1838 sexus,
494 1770 670 1823 extraneum
684 1763 816 1837 libertas,
832 1765 1032 1826 domesticum

59 1847 254 1908 familiaritas.
285 1848 371 1907 Nurac
391 1848 519 1922 primum
542 1847 680 1907 offendit:
704 1847 871 1922 cogitemus
887 1851 1032 1924 quamdiu

58 1930 216 2006 placuerit
244 1947 337 2006 saepe
352 1939 382 1991 et
401 1932 476 1991 alias
492 1931 631 1991 offendit:
651 1932 783 1992 ieramus
799 1933 883 2008 quod
898 1933 951 1993 diu
965 1935 1031 1993 tuli-

58 2031 135 2075 mus.
165 2013 281 2074 amicus
296 2022 358 2074 est:
374 2015 445 2075 iecit
458 2016 540 2090 quod
557 2015 659 2075 noluit.
686 2015 840 2077 inimicus:
862 2018 934 2077 iecit
948 2019 1030 2093 quod

56 2099 170 2159 debuit.
203 2097 392 2159 Prudentiori
414 2100 588 2159 credamus:
610 2098 738 2160 stultiori
752 2101 947 2161 remittamus.
975 2107 1060 2176 prot

58 2197 254 2258 quocumque
280 2183 353 2242 illud
377 2183 466 2242 nobis
497 2184 753 2258 respondeamus,
785 2184 1029 2259 sapientissimos

57 2281 184 2341 quoque
203 2267 287 2326 viros
305 2267 398 2326 multa
419 2265 609 2340 delinquere,
630 2266 780 2327 neminem
801 2283 871 2327 esse
892 2276 951 2328 tam
973 2269 1029 2329 cir-

57 2356 284 2424 cumspectum,
310 2351 397 2409 cuius
425 2366 485 2409 non
508 2350 661 2424 diligentia
686 2349 850 2424 aliquando
876 2351 934 2412 sibi
960 2352 1029 2426 ipsa

57 2433 194 2506 excidat,
217 2435 367 2493 neminem
380 2441 441 2494 tam
458 2442 615 2506 maturum,
631 2434 716 2493 cuius
731 2450 791 2493 non
807 2435 983 2508 gravitatem
998 2434 1028 2493 in

56 2517 185 2591 aliquod
206 2517 352 2576 fervidius
372 2517 485 2577 lactum
507 2532 597 2577 casus
618 2517 768 2592 inpingat,
798 2517 947 2577 neminem
969 2525 1028 2578 tam

57 2600 194 2660 timidum
210 2599 405 2673 offensarum,
421 2602 473 2676 qui
489 2602 592 2660 nonin
608 2600 684 2674 illas,
700 2601 770 2660 dum
786 2602 867 2675 vitat,
883 2602 1007 2661 incidat.

118 2685 212 2743 XXV.
236 2684 395 2758 Quomodo
411 2685 524 2744 homini
540 2685 650 2760 pusillo
666 2685 806 2745 solatium
817 2684 847 2744 in
862 2685 949 2745 malis
965 2686 1027 2757 luit,
1043 2695 1057 2746 l

56 2770 147 2827 etiam
161 2784 340 2843 magnorum
357 2769 490 2828 virorum
510 2769 638 2829 titubare
659 2768 818 2841 fortunam,
840 2777 870 2830 et
883 2772 1029 2844 aequiore

55 2851 158 2910 animo
174 2852 268 2912 lilium
280 2853 310 2911 in
323 2853 433 2928 angulo
446 2852 538 2927 ilevil,
551 2852 602 2926 qui
613 2853 688 2912 vidit
697 2854 809 2913 acerba
823 2854 927 2913 lunera
938 2855 1028 2914 etiam

57 2951 95 2993 ex
115 2934 201 3009 regia
223 2937 307 2996 duci:
329 2936 375 2997 sic
395 2937 495 2997 animo
517 2937 663 3012 aequiore
683 2938 740 2996 lert
760 2936 797 2996 ab
820 2936 923 3011 aliquo
939 2938 1028 3010 laedi,

56 3019 94 3078 ab
110 3018 213 3093 aliquo
229 3021 395 3094 contemni,
418 3021 599 3094 cuicumque
619 3021 702 3079 venit
720 3021 750 3080 in
771 3027 900 3081 mentem
916 3022 1028 3080 nullam

57 3116 129 3162 asse
151 3111 265 3163 tantam
291 3105 467 3179 potentiam,
493 3105 522 3162 in
548 3120 638 3179 quam
663 3120 724 3163 non
751 3112 892 3165 occurrat
909 3104 1027 3164 iniuria.

58 3185 192 3259 Quodsi
216 3188 306 3247 etiam
328 3185 557 3263 prudentissimi
579 3195 718 3262 peccam,
753 3187 839 3248 cuius
860 3205 921 3248 non
941 3193 1057 3250 errori

57 3270 169 3331 bonam
184 3286 310 3332 causam
324 3272 434 3331 habett
465 3270 675 3346 Respiciamus
692 3269 832 3346 quotiens
845 3273 1026 3334 adulescen-

58 3356 97 3413 tia
117 3361 224 3415 nostra
244 3355 274 3415 in
297 3355 399 3416 cilicio
422 3371 528 3429 parum
548 3355 677 3430 diligens
698 3354 802 3428 tuerit,
829 3354 860 3416 in
885 3373 1027 3418 semrone

16 3466 22 3479 ·
58 3454 165 3512 parum
177 3440 332 3513 modesta,
353 3440 383 3499 in
398 3439 469 3500 vino
486 3455 591 3514 parum
605 3448 787 3514 temperans.
816 3441 843 3500 si
862 3439 956 3502 iratus
969 3448 1026 3513 est,

57 3523 166 3584 demus
177 3522 223 3583 illi
231 3525 372 3598 spatium,
389 3539 449 3598 quo
462 3523 612 3598 dispicere
627 3522 701 3598 quid
712 3524 819 3584 iecerit
829 3526 941 3599 possita
959 3525 1026 3599 ipse

830 3607 874 3668 7*

1174 3516 1218 3767 <
