2438 3968
188 247 230 308 92
477 247 510 306 L.
534 247 680 307 ANNAEI
701 245 876 308 SENECAE

190 415 258 459 cum
273 414 371 473 aeque
387 415 439 459 eor
453 415 542 458 suum
556 414 644 472 quam
653 397 705 457 filii
719 397 898 457 transfixum
912 397 1053 459 videret.
1078 403 1171 476 potest

190 482 250 543 dici
263 482 369 543 merito
385 482 553 542 devorasse
567 481 671 540 verba.
700 497 769 540 nam
791 481 818 541 si
835 481 907 556 quid
924 489 1095 558 tamquam
1118 483 1168 545 ira

156 573 174 630 6
187 575 236 629 tus
252 565 391 639 dixisset,
406 566 480 626 nihil
490 574 643 640 tamquam
657 573 742 639 pater
754 565 853 625 lacere
867 564 1039 640 potuisset
1063 566 1168 643 Potest,

189 652 328 726 inquam,
350 650 447 710 videri
462 649 630 724 sapientius
646 664 680 708 se
695 649 725 708 in
740 649 792 709 illo
809 664 881 709 casu
897 649 1060 725 gessisse,
1085 668 1168 726 quam

190 750 257 795 cum
273 735 312 794 de
327 732 454 809 potandi
474 734 565 793 modo
580 733 772 807 praeciperet
785 735 843 806 [eti.
866 748 959 807 quem
981 734 1090 797 satius
1110 741 1168 796 erat

189 818 291 878 vinum
308 834 399 893 quam
414 818 593 892 sanguinem
609 815 722 889 bibere,
745 818 833 877 onius
849 832 958 877 manus
975 821 1106 892 poculis
1120 836 1166 882 oc

189 902 293 977 cupari
310 919 372 977 pax
387 909 466 961 erat:
487 900 620 962 accessit
635 900 735 976 itaque
750 902 790 960 ad
805 917 965 961 numerum
981 917 1108 978 eorum,
1122 902 1168 979 qm‘

187 987 306 1060 magnis
328 984 467 1045 cladibus
491 985 704 1056 ostenderunt,
733 984 836 1060 quanti
857 993 1048 1049 constarent
1066 1003 1168 1064 regum

188 1068 294 1129 amicis
308 1068 391 1128 bona
406 1069 543 1129 consilia.

156 1162 172 1215 1
248 1153 313 1212 XV.
335 1152 401 1211 Non
423 1152 528 1212 dubito
550 1154 622 1228 quin
637 1154 799 1227 Harpagus
821 1168 947 1227 quoque
968 1155 1037 1215 talo
1058 1155 1167 1232 aliquid

187 1237 252 1311 regi
268 1253 325 1297 suo
341 1236 566 1311 Persarumque
578 1238 724 1309 suaserit,
747 1253 808 1310 quo
825 1236 966 1296 offensus
992 1238 1117 1302 liberos
1130 1238 1167 1300 illl

188 1320 361 1396 epulandos
376 1321 521 1395 adposuit
534 1329 565 1382 et
578 1320 709 1381 subinde
724 1321 869 1394 quaesiit:
884 1337 922 1380 an
939 1323 1087 1396 placeret
1102 1340 1166 1386 con

187 1405 295 1466 ditura.
324 1403 441 1466 Deinde
456 1413 488 1465 ut
502 1405 576 1465 satis
591 1405 671 1465 illum
688 1405 810 1479 plenum
825 1405 912 1465 malis
927 1405 997 1466 suis
1014 1408 1105 1484 vidit,
1119 1409 1166 1469 ad·

188 1488 260 1549 lerri
274 1490 374 1565 capita
393 1489 512 1549 illorum
532 1489 622 1549 iussit
635 1496 666 1549 et
680 1489 834 1564 quomodo
850 1495 934 1549 esset
954 1500 1115 1567 acceptus
1128 1493 1166 1552 in·

188 1572 363 1649 terrogavit.
392 1572 458 1633 Non
474 1573 637 1634 doluerunt
654 1572 766 1632 misero
781 1571 884 1647 verba,
899 1588 961 1633 non
980 1590 1023 1635 os
1040 1591 1165 1639 concur

187 1657 241 1717 rit:
278 1658 383 1731 „apud
402 1673 521 1732 rogem,
546 1656 657 1733 inquit,
686 1657 785 1717 omnis
808 1672 905 1716 coena
923 1657 1072 1721 iucunda
1095 1664 1167 1722 est.“

155 1741 172 1792 2
188 1739 266 1814 Quid
280 1740 337 1799 hac
352 1740 526 1801 adulatione
541 1742 690 1816 prolecitt
711 1756 750 1800 ne
761 1741 800 1800 ad
814 1740 959 1815 reliquias
974 1741 1166 1806 invitaretur.

187 1824 252 1884 Non
261 1831 331 1884 veto
347 1831 463 1899 patrem
470 1824 613 1885 damnare
624 1826 705 1900 regis
721 1824 770 1884 sni
780 1826 900 1899 lactum,
915 1841 977 1886 non
986 1834 1066 1890 veto
1081 1845 1166 1906 quae·

188 1923 255 1966 rere
271 1906 392 1981 dignam
407 1915 468 1967 tam
483 1910 559 1967 truci
575 1917 714 1983 portento
730 1924 876 1983 poenam,
897 1911 953 1970 sed
968 1909 1035 1971 hoc
1051 1912 1167 1975 iuterim

189 1991 310 2064 colligo,
332 2006 428 2065 posse
442 1991 531 2050 etiam
547 2008 586 2052 ex
599 1991 772 2067 ingentibus
787 1992 875 2051 malis
894 2001 1083 2057 nascentem
1097 1998 1167 2058 iram

155 2075 173 2128 3
188 2074 337 2134 abscondi
352 2082 382 2134 et
396 2075 436 2134 ad
450 2074 545 2134 verba
559 2076 710 2137 contraria
725 2076 782 2136 sibi
798 2079 875 2150 cogi.
904 2076 1101 2141 Necessaria
1115 2082 1167 2142 isa

187 2165 236 2218 est
250 2157 366 2220 doloris
386 2159 558 2234 refrenatio,
574 2162 678 2235 ntique
699 2160 758 2220 hoc
776 2159 889 2220 sortitis
912 2162 991 2222 vitae
1015 2171 1167 2239 genusot

188 2242 227 2300 ad
241 2242 355 2317 regiam
372 2241 514 2304 adhibitis
528 2260 680 2304 mensam:
702 2245 747 2303 sic
761 2250 846 2304 estur
861 2245 944 2319 apud
960 2243 1046 2320 illos,
1065 2249 1115 2310 sic
1128 2248 1167 2309 bi·

187 2325 280 2399 bitur,
303 2327 348 2386 sic
369 2329 588 2402 respondetur,
614 2328 771 2388 funeribus
793 2328 856 2388 suis
877 2327 1088 2393 adridendum
1114 2338 1166 2394 est

186 2411 234 2470 An
249 2410 323 2472 tanti
344 2412 384 2473 sit
402 2413 464 2472 vita
482 2412 669 2472 videbimus:
690 2412 749 2471 alia
769 2411 828 2473 ista
848 2412 987 2486 quaestio
1010 2423 1073 2476 est
1103 2415 1165 2478 Non

187 2495 414 2556 consolabimur
439 2503 500 2556 tam
518 2498 601 2557 triste
622 2498 822 2570 ergastulum,
848 2512 910 2556 non
932 2496 1166 2561 adhortabimur

187 2579 267 2638 lerre
287 2579 413 2655 imperia
428 2581 619 2641 carnificum:
641 2581 838 2640 ostendemus
860 2580 889 2639 in
911 2580 993 2641 omni
1016 2584 1166 2645 servituto

187 2671 322 2737 apertam
333 2663 558 2725 libertativiam.
574 2665 600 2724 si
609 2679 700 2738 aeger
707 2665 824 2724 animus
833 2671 863 2724 et
871 2669 950 2737 [non]
958 2680 1019 2725 suo
1029 2666 1165 2729 vitiomi·

154 2749 239 2805 tser
250 2754 305 2818 est,
322 2746 392 2807 lruic
407 2747 545 2808 miserias
555 2747 643 2808 linire
656 2763 760 2808 secum
775 2749 854 2808 licet.
873 2749 978 2808 Dicam
994 2754 1029 2809 et
1045 2751 1102 2825 illi,
1118 2750 1166 2828 qul

187 2826 217 2887 in
236 2845 340 2903 regem
363 2830 468 2891 incidit
485 2833 603 2907 sagittis
619 2840 744 2907 pectora
764 2833 928 2893 amicorum
943 2837 1117 2912 petentem,
1140 2840 1167 2895 at

186 2913 237 2985 illi,
260 2913 345 2975 onius
362 2916 503 2976 dominus
524 2917 689 2977 liberorum
709 2915 879 2977 visceribus
905 2923 1006 2991 patres
1033 2926 1167 2981 saturata

188 2997 263 3071 qnid
277 2999 384 3073 gemis,
402 3000 537 3074 demens,
555 3000 628 3075 quid
642 3006 814 3074 exspectas,
830 3008 864 3061 ut
877 3008 907 3061 te
921 3005 973 3059 aut
993 2999 1103 3064 hostis
1116 3003 1166 3065 ali·

188 3081 257 3154 quis
271 3098 329 3157 per
342 3082 466 3144 exitium
480 3085 579 3158 gentis
594 3094 663 3145 tuae
678 3083 812 3144 vindicet
826 3093 878 3145 aut
890 3099 946 3143 rex
960 3099 979 3142 a
993 3085 1168 3165 longinquo

188 3172 297 3237 potens
310 3166 456 3227 advolet?
473 3183 668 3243 quocumque
680 3167 865 3244 respexeris,
879 3167 920 3227 ibi
929 3167 1086 3232 malorum
1097 3170 1167 3233 nnis

187 3252 250 3306 est:
271 3247 464 3310 videamur
484 3253 680 3326 praecipitem
701 3252 824 3313 locum?
847 3252 916 3311 illac
935 3251 977 3311 ad
992 3250 1166 3319 libertatem

188 3328 406 3392 descenditur.'
423 3335 509 3406 vides
528 3336 604 3396 illud
618 3351 715 3407 mare,
737 3335 811 3395 illud
826 3333 949 3410 flumen,
968 3335 1056 3398 illum
1080 3347 1165 3416 pute

188 3419 262 3473 umt
277 3413 400 3476 libertas
415 3415 475 3478 illic
491 3419 520 3478 in
535 3420 595 3479 imo
612 3419 708 3479 sedet.
738 3419 825 3479 vides
840 3420 920 3478 illam
936 3419 1082 3484 arborem
1097 3424 1167 3485 bre·

188 3511 267 3569 vem,
281 3499 471 3575 retorridam,
487 3503 659 3562 infelicem?
687 3503 801 3576 pendet
823 3503 893 3563 inde
915 3502 1052 3566 libertas.
1075 3507 1166 3570 vides
