2438 3968
137 237 329 299 acetonllt
351 237 431 299 CUM
450 236 709 298 Pttovlnttrlttn
733 238 801 299 Str.
835 239 884 298 111.
902 240 953 298 tv.
1014 238 1036 300 9

56 389 129 450 vitia
143 398 299 463 venerunt,
313 395 346 448 ut
360 388 486 449 dubium
500 389 547 462 sit,
563 404 600 448 an
616 387 764 449 electione
778 389 830 449 fati
845 390 916 450 data
931 392 1034 465 plures

57 471 143 534 nasci
157 473 265 547 Reguli
286 488 377 547 quam
390 471 583 533 Maecenates
601 472 703 533 velint.
731 468 783 533 aut
803 473 829 534 si
846 475 914 547 quis
936 474 1033 549 fuerit,

59 557 111 633 qni
132 556 242 616 audeat
264 556 366 615 dicere
385 555 590 637 Maecenatem
610 570 645 614 se
668 572 759 629 quam
779 558 925 631 Regulum
948 557 1034 618 nascl

56 640 218 712 maluisse,
240 638 320 698 idem
334 639 407 712 iste,
424 645 523 699 taceat
536 639 621 711 licet,
637 640 722 699 nasci
737 655 772 699 se
787 641 955 701 Terentiam
969 658 1032 701 ma·

56 724 120 784 luit.
152 722 232 781 Male
256 728 414 782 tractatum
436 721 593 783 Socratem
613 722 746 795 iudicas,
773 724 857 799 qnod
877 724 957 783 illam
977 741 1030 800 po·
1043 727 1076 780 1²

57 809 171 868 tionem
188 805 310 880 publice
331 805 455 866 mixtam
477 822 536 866 non
558 806 644 865 aliter
665 822 755 880 quam
782 807 1032 868 medicamentum

56 889 278 950 inmortalitatis
304 888 432 949 obduxit
456 896 486 948 et
507 890 545 948 de
565 895 661 948 morte
682 889 851 964 disputavit
871 907 972 966 usque
994 892 1032 951 ad

56 974 177 1049 ipsam?
197 973 275 1032 male
295 987 364 1032 cunr
384 972 435 1032 illo
456 980 555 1032 actum
577 979 639 1046 est,
659 973 743 1048 quod
762 976 880 1048 gelatus
902 982 951 1035 est
964 991 1033 1034 san·

56 1059 126 1132 guis
142 1072 179 1116 ac
193 1055 337 1132 paulatim
353 1056 465 1132 frigore
480 1056 602 1116 inducto
617 1072 763 1116 venarum
777 1058 864 1131 vigor
880 1058 1034 1118 constitit?

57 1141 174 1216 Quanto
199 1140 295 1215 magis
322 1139 393 1200 huic
416 1138 612 1199 invidendum
639 1147 688 1199 est
707 1157 796 1215 quam
823 1141 896 1214 illis,
923 1141 1076 1215 quibusta

56 1240 175 1300 gemma
202 1222 401 1297 ministratur,
427 1223 538 1298 quibus
558 1224 697 1283 exoletus
718 1225 818 1283 omnia
840 1225 901 1299 pati
924 1224 1033 1285 doctus

56 1314 201 1369 exsectae
221 1306 371 1366 virilitatis
392 1314 445 1366 aut
458 1306 569 1366 dubiae
584 1322 768 1381 suspensam
783 1323 857 1366 auro
873 1306 975 1368 nivem
989 1310 1033 1368 di-

55 1475 148 1534 bilem
169 1489 256 1534 suarn
277 1479 485 1547 regustanfeS,
507 1474 601 1531 atille
616 1487 766 1532 venenum
782 1474 878 1532 laetus
892 1481 922 1534 et
935 1473 1033 1533 libens

57 1557 183 1618 hauriet.
207 1556 296 1629 Quod
311 1558 350 1617 ad
362 1556 505 1616 Catonern
519 1556 660 1628 pertinet,
676 1554 751 1615 satis
766 1555 879 1616 dictum
894 1557 1076 1617 osteum-14

56 1655 197 1715 mamque
211 1639 254 1699 illi
269 1639 439 1700 felicitatem
456 1639 620 1712 contigisse
632 1655 804 1698 consensus
820 1638 975 1700 hominum
991 1641 1032 1699 fa·

58 1724 177 1786 tebitur.
194 1738 285 1798 quern
296 1722 354 1782 sibi
364 1737 466 1782 rerum
477 1730 584 1782 natura
596 1723 707 1797 delegit
718 1738 785 1782 cum
797 1739 859 1798 quo
872 1724 1035 1784 metuenda

57 1807 222 1867 collideret
244 1805 438 1881 „Inimicitiae
453 1805 620 1880 potentium
633 1821 743 1880 graves
759 1815 845 1868 sunt:
861 1815 1034 1883 opponatur

57 1890 147 1951 simul
156 1889 317 1964 Pompeio,
335 1887 472 1963 Caesari,
488 1888 609 1950 Crasso.
630 1905 723 1964 grave
737 1897 786 1950 est
799 1907 817 1951 a
832 1891 1033 1952 deterioribus

57 1973 175 2033 honore
194 1973 315 2033 anteiri:
339 1971 460 2032 Vatinio
485 1973 677 2048 postferatur.
711 1987 806 2048 grave
826 1983 874 2036 est
894 1974 1034 2035 civilibus

57 2056 144 2116 bellis
164 2057 326 2117 interesse=
350 2063 412 2117 loto
433 2063 579 2117 terrarum
601 2057 675 2116 orbe
698 2073 752 2132 pro
769 2073 863 2119 causa
877 2059 958 2119 bona
972 2064 1034 2118 tam

55 2140 214 2200 infeliciter
229 2156 322 2215 quam
341 2140 535 2215 pertinaciter
547 2140 659 2199 militet.
681 2155 775 2214 grave
790 2148 838 2202 est
852 2141 910 2203 sibi
924 2157 1033 2202 manus

55 2224 192 2284 adferre:
207 2223 305 2284 faciat
329 2222 402 2298 quid
414 2239 468 2299 per
477 2224 554 2283 haec
566 2230 761 2298 consequar?
774 2232 807 2286 ut
819 2242 926 2285 omnes
936 2225 1036 2285 sciant

55 2322 117 2367 non
133 2322 204 2368 esse
218 2306 293 2367 haec
304 2308 391 2376 mala,
409 2307 521 2382 quibus
535 2322 592 2382 ego
608 2307 731 2382 dignum
744 2307 887 2369 catonem
899 2308 1034 2384 putavi.“

118 2392 170 2450 IV.
191 2391 344 2465 Prospera
355 2406 388 2448 re
399 2389 448 2463 **‚
464 2391 564 2451 sedin
581 2390 700 2465 plebem
714 2407 751 2450 ac
762 2390 833 2452 vilia
846 2391 969 2466 ingenia
979 2391 1062 2452 de·l

54 2474 195 2534 veniunt:
216 2479 248 2533 at
262 2473 447 2534 calamitates
463 2483 658 2549 terroresque
673 2475 842 2536 mortalium
856 2474 914 2535 sub
929 2473 1034 2549 iugum

55 2556 173 2618 mittere
194 2557 352 2632 proprium
372 2559 473 2632 magni
494 2556 550 2616 viri
572 2565 627 2617 est.
659 2573 782 2634 semper
796 2573 868 2618 vero
883 2573 955 2618 esse
969 2557 1034 2619 feli·

55 2655 122 2700 cem
137 2649 168 2702 et
181 2641 248 2701 sine
262 2656 367 2712 morsu
378 2641 468 2700 animi
479 2640 608 2701 transire
621 2641 710 2703 vitam
722 2641 863 2716 ignorare
874 2649 1033 2702 estrerurn

56 2733 183 2784 naturae
198 2725 323 2785 alteram
337 2731 462 2799 partem.
485 2723 634 2798 ‚Magnus
651 2726 696 2784 vir
710 2741 760 2784 es:
782 2725 839 2785 sed
853 2725 936 2785 unde
954 2727 1029 2796 scio,
1045 2730 1062 2782 t

56 2807 84 2870 si
97 2807 151 2869 tibi
166 2809 286 2869 fortuna
300 2823 362 2866 non
374 2808 426 2868 dat
437 2808 608 2867 facultatem
620 2808 811 2867 exhibendae
823 2808 961 2870 virtutis?
980 2809 1032 2868 de-

55 2892 204 2952 scendisti
219 2893 259 2952 ad
276 2890 431 2970 Olympia.
447 2892 504 2951 sed
518 2907 608 2952 nemo
623 2898 746 2970 praeter
760 2899 804 2952 te:
820 2907 965 2952 coronam
979 2891 1032 2950 ha·-

54 2975 126 3047 bes,
150 2975 305 3036 victoriam
328 2985 389 3035 non
410 2973 517 3034 habes.
551 2990 612 3035 non
637 2976 774 3050 gratulor
792 2982 946 3050 tamquam
966 2975 1032 3034 viro

55 3059 142 3130 forti,
160 3059 217 3119 sed
230 3066 382 3135 tamquam
398 3060 587 3119 consulatum
604 3064 816 3133 praeturamve
830 3059 958 3134 adept0=
977 3058 1033 3118 ho·

54 3158 131 3203 nore
146 3150 251 3204 auctus
267 3146 333 3203 es.“
353 3143 437 3202 Idem
453 3141 555 3203 dicere
569 3150 598 3202 et
611 3134 693 3202 bono
711 3143 775 3202 viro
791 3159 934 3218 possum,
950 3141 979 3202 si
993 3141 1063 3202 illia

54 3227 169 3287 nullam
185 3227 379 3288 occasionem
395 3225 546 3287 difficilior
560 3241 652 3286 casus
668 3226 752 3287 dedit
771 3226 801 3285 in
823 3243 884 3302 qua
898 3242 959 3286 una
974 3226 1034 3285 vim

54 3310 104 3371 sui
119 3309 209 3370 animi
221 3312 410 3372 ostenderet:
428 3308 590 3384 „miserum
607 3318 636 3369 te
651 3308 761 3383 iudico,
775 3311 858 3386 qnod
869 3325 1034 3387 numquam

56 3393 139 3454 fuisti
154 3395 256 3455 miser.
286 3393 421 3456 transisti
441 3393 509 3454 sine
529 3393 707 3454 adversario
722 3392 824 3454 vitam.
854 3409 943 3453 nemo
959 3393 1036 3454 sciet

56 3478 139 3554 quid¹
147 3478 292 3553 potueris.
316 3494 354 3538 nc
368 3484 400 3538 tu
416 3477 537 3552 quidem
553 3477 652 3552 ipse.“
675 3493 752 3552 opus
769 3485 817 3538 est
830 3477 911 3538 eninr
925 3477 964 3535 ad
980 3491 1033 3534 no·
