2438 3968
101 269 341 330 ADHELVIAM
348 270 514 330 Martium
520 271 570 330 DE
578 269 875 333 CONSOLATIONE.
885 281 911 336 6.
924 281 950 337 7.
963 272 1029 338 243·

60 426 130 480 mol
162 419 287 497 Scythia
307 427 337 479 et
358 414 438 479 intus
454 420 503 478 ille
521 421 653 480 terarum
665 421 937 498 indomitarumque
951 435 1023 500 gen-

60 505 133 564 tium
147 510 260 564 tractus
276 503 411 562 civitates
426 502 560 562 Achaiae
576 503 708 565 Ponticis
722 503 873 580 inpositas
886 508 1022 570 litoribus

60 594 202 648 ostentat.
232 586 298 645 Non
319 592 485 661 perpetuae
506 585 612 646 hiemis
627 586 768 660 saevitia,
793 604 853 648 non
869 590 1022 654 homiuum

60 672 181 746 ingenia
200 670 240 728 ad
259 669 479 730 similitudinem
498 668 575 730 coeli
588 670 636 730 sui
650 669 803 731 horrentia
816 674 1021 736 transferenti-

58 757 118 816 bus
143 755 251 815 domos
273 769 346 813 suas
362 753 549 814 obstiterunt.
578 753 706 814 Athenis
726 753 757 813 in
771 755 847 816 Asia
864 757 952 818 turha
966 762 1050 818 esti

58 837 178 899 Miletus
204 836 338 912 quinque
362 843 392 896 ct
416 835 608 911 septuaginta
626 835 743 897 urbium
766 841 911 914 populum
933 839 963 900 in
978 842 1022 901 di-

60 938 150 982 versa
164 919 279 981 effudit,
301 926 396 980 totum
410 920 512 979 ltaliae
526 922 613 995 latus,
630 921 714 996 quod
728 919 824 981 iniero
840 923 914 982 mari
926 924 1020 985 adlui-

59 1015 120 1075 tur,
136 1004 232 1064 maior
248 1003 373 1063 Graecia
389 1003 452 1063 luit.
480 1005 596 1064 Tuscos
611 1004 686 1064 Asia
701 1003 759 1064 sibi
774 1005 916 1067 vindicat.
938 1007 1021 1085 Tyrii

58 1088 191 1148 Africam
205 1088 348 1147 incolunt.
376 1084 406 1144 in
421 1087 596 1161 Hispaniam
611 1087 717 1160 Poeni,
739 1087 844 1148 Graeci
859 1106 894 1149 se
907 1092 937 1149 in
953 1092 1019 1152 Gal-

58 1173 128 1232 liam
142 1170 334 1242 inmiserunt,
349 1171 378 1229 iu
394 1169 549 1230 Graeciam
565 1170 648 1231 Galli.
671 1171 847 1249 Pyrenaeus
858 1171 1020 1236 Germano-

57 1272 124 1315 rum
139 1255 283 1316 transitus
298 1270 359 1312 non
373 1253 510 1314 inhibuit.
532 1254 588 1314 Per
601 1254 753 1329 incognita
766 1254 901 1316 versavit
915 1273 950 1317 se
964 1258 1046 1320 hu·3

58 1355 148 1398 mana
161 1338 278 1398 levitas.
300 1337 412 1396 liberos
427 1338 635 1413 coniugesque
649 1346 678 1396 et
692 1353 802 1411 graves
815 1339 901 1399 senio
913 1356 1021 1415 paren·

58 1431 104 1484 tes
119 1428 284 1482 traxerunt.
316 1418 365 1479 alii
380 1421 471 1494 longo
487 1436 592 1481 errore
604 1419 705 1480 iactati
718 1438 779 1481 non
793 1421 904 1481 iudicio
920 1425 1019 1498 elege-

56 1512 127 1566 runt
142 1507 250 1579 locum,
265 1505 323 1565 sed
337 1504 516 1563 lassitudine
532 1504 699 1579 proximum
712 1514 948 1579 occupaverunt.
970 1506 1021 1566 alii

57 1589 152 1650 armis
172 1588 231 1650 sibi
251 1590 298 1648 ius
313 1588 343 1647 in
358 1587 456 1646 alienu
470 1594 549 1646 terro
564 1588 707 1647 iecerunt.
740 1589 889 1662 quasdam
904 1597 1019 1664 gentes

57 1689 127 1734 cum
141 1673 244 1747 ignota
259 1677 410 1746 peterent,
425 1686 508 1730 mare
523 1671 629 1730 hausit.
654 1670 803 1744 quaedam
816 1670 857 1731 ibi
871 1673 1018 1733 consede-

57 1763 141 1828 runt,
165 1754 215 1816 ubi
232 1756 299 1816 illas
318 1770 420 1814 rerum
435 1755 566 1813 omnium
580 1753 684 1828 inopia
697 1755 847 1829 deposuit.
878 1756 941 1816 Nec
956 1770 1049 1824 omn

56 1840 147 1900 nibus
173 1840 280 1899 eadem
307 1854 401 1898 causa
422 1835 611 1911 relinquendi
639 1836 866 1913 quaerendique
891 1838 1018 1914 patriam

58 1923 219 1983 luit=alios
235 1921 354 1982 excidia
368 1919 485 1981 urbium
495 1936 617 1981 suarum
628 1920 787 1982 hostilibus
794 1921 885 1982 armis
893 1923 1017 1998 elapsos

57 2006 88 2066 in
103 2006 220 2066 alienas
241 2006 391 2082 spoliatos
406 2004 471 2063 suis
485 2005 675 2078 expulerunt.
695 2004 772 2066 alios
788 2006 954 2066 domestica
969 2022 1016 2066 se-

58 2090 130 2149 ditio
146 2089 305 2151 submovit.
324 2088 405 2149 ‘alios
419 2087 512 2146 nimia
529 2086 743 2162 superfluentis
762 2089 866 2164 populi
878 2091 1017 2164 trequen-

56 2172 99 2232 tia
113 2174 152 2234 ad
163 2174 375 2234 exonerandas
390 2172 470 2232 vires
485 2171 591 2231 emisit.
618 2171 695 2233 alios
710 2170 880 2246 pestilentia
894 2181 945 2233 aut
959 2173 1017 2235 he

58 2265 186 2331 quentes
207 2264 355 2318 terrarum
374 2254 473 2315 hiatus
494 2260 547 2314 aut
564 2255 666 2330 aliqua
685 2254 874 2315 intoleranda
888 2255 1016 2315 infelicis

56 2339 115 2399 soli
140 2340 212 2398 vitia
237 2338 399 2399 eiecerunt.
432 2338 580 2413 quosdam
606 2336 712 2398 fertilis
734 2354 805 2398 orae
824 2346 854 2399 et
873 2340 903 2398 in
919 2337 1015 2398 maius

56 2423 197 2482 laudatae
212 2423 291 2481 lama
308 2421 450 2496 corrupit.
478 2421 554 2482 alios
572 2420 631 2480 alia
644 2437 737 2481 causa
751 2422 861 2480 excivit
875 2420 1015 2482 domibus

56 2505 137 2566 suis:
152 2503 226 2565 illud
240 2505 344 2579 utique
359 2505 549 2564 manifestum
566 2510 621 2576 est,
638 2502 710 2563 nihil
725 2505 833 2565 eodem
847 2506 916 2565 loco
931 2511 1044 2564 man-5

56 2589 146 2662 sisse,
163 2604 225 2663 quo
240 2587 373 2663 genitum
387 2594 443 2647 est.
465 2587 613 2647 adsiduus
628 2586 748 2661 generis
763 2587 885 2648 humani
899 2588 1014 2648 discur-

56 2688 111 2733 sus
126 2677 181 2732 est.
204 2670 314 2731 cotidie
329 2669 443 2745 aliquid
456 2671 487 2731 in
501 2678 561 2730 tarn
572 2686 681 2745 magno
695 2670 767 2731 orbe
778 2678 915 2733 mutatur.
936 2687 1016 2730 nova

56 2755 175 2816 urbium
191 2755 385 2814 fundamenta
399 2754 553 2814 iaciuntur.
587 2770 667 2814 nova
681 2755 811 2829 gentium
826 2755 947 2815 nomina
962 2771 1014 2814 ex-

56 2838 173 2899 stinctis
189 2837 340 2912 prioribus
354 2844 406 2897 aut
420 2838 449 2896 in
465 2837 674 2897 accessionem
689 2837 843 2897 validioris
858 2839 1014 2898 conversis

57 2921 203 2983 oriuntur.
226 2919 336 2981 Omnes
352 2928 451 2980 autem
466 2920 542 2981 istae
554 2921 734 2996 populorum
745 2922 1014 2996 transportationes

57 3005 130 3080 quid
153 3003 234 3065 aliud
250 3021 339 3079 quam
354 3004 475 3079 publica
488 3002 577 3063 exilia
592 3011 683 3065 sunt‘l
714 3004 791 3079 Quid
807 3012 836 3065 te
850 3011 910 3064 tam
924 3005 1042 3079 longob

56 3088 182 3149 circuitu
202 3088 309 3148 traho?
342 3088 414 3162 quid
435 3087 559 3146 interest
571 3102 748 3149 enumerare
761 3089 943 3149 Antenorem
958 3088 1013 3148 Pa-

56 3172 127 3233 tavii
149 3172 335 3231 conditorem
355 3178 385 3230 et
404 3170 578 3229 Euandrum
598 3171 627 3230 in
642 3171 709 3246 ripa
720 3170 835 3231 Tiberis
849 3187 943 3247 regna
956 3173 1013 3231 Ar-

56 3255 165 3316 cadum
181 3257 409 3315 conlocantem?
424 3253 496 3328 quid
506 3253 671 3317 Diomeden
683 3253 836 3329 aliosque,
852 3271 930 3330 quos
941 3255 1013 3313 Tro·

55 3338 159 3399 ianum
178 3339 288 3398 bellum
302 3336 399 3398 victos
414 3337 503 3398 simul
517 3337 710 3412 victoresque
725 3353 778 3413 per
790 3338 903 3398 alienas
917 3347 1013 3398 terras

56 3421 237 3498 dissipante
257 3423 425 3485 Romanum
439 3418 598 3495 imperium
611 3437 720 3497 nempe
731 3428 884 3482 auctorem
894 3422 1040 3484 exulem?

56 3506 189 3582 respicit.
224 3522 313 3582 quem
331 3507 491 3582 prologum
507 3512 594 3579 capta
607 3504 716 3580 patria,
732 3505 857 3579 exiguas
869 3504 1012 3580 reliquias

796 3588 851 3653 ιο*
