2438 3968
147 284 385 344 DIAL.111.lv.
407 285 458 345 DE
476 286 544 345 tlte
565 286 636 345 Ltss.
653 286 676 343 1.
697 295 740 346 ao.
755 294 797 347 ar.
819 287 891 347 Ltlt.
912 287 947 346 tl.
969 298 994 350 1.
1037 285 1080 352 53

103 442 203 496 torum
226 443 343 496 mentes
364 436 529 496 addidisse.
556 438 676 496 ultimae
698 439 776 497 enim
799 440 959 513 patientiae
981 443 1079 504 visum

101 528 236 580 osteum
252 520 346 593 ferre,
362 521 413 595 qui
429 520 531 579 lovem
549 536 610 579 non
626 523 726 580 ferret.

166 603 241 663 XXI.
268 604 346 662 Nihil
362 620 434 678 ergo
449 603 479 662 in
496 605 553 677 ira,
575 620 613 663 ne
634 620 702 664 eum
717 604 837 664 videtur
852 608 974 680 quidem
991 608 1107 675 mehe-1

103 705 192 751 mens
207 693 236 746 et
251 688 327 746 deos
343 686 546 761 hominesque
561 686 751 762 despiciens,
767 704 922 762 magnum,
939 691 1011 750 nihil
1026 709 1080 752 no·

103 776 164 834 bile
180 777 235 831 est.
263 778 314 829 aut
328 772 355 830 si
369 772 489 831 videtur
503 771 592 830 alicui
606 787 746 845 magnum
761 772 893 832 animum
907 774 951 831 ira
968 775 1079 848 produ¹⁴

103 874 191 929 cere,
214 855 351 914 videatur
366 862 396 915 et
414 855 548 915 luxuria:
571 855 664 914 ebore
682 856 825 914 sustineri
849 858 923 928 volt,
947 874 1081 932 purpura

101 941 223 1012 vestiri,
251 954 326 998 auro
343 940 419 1013 tegi,
445 945 542 997 terras
568 939 745 1011 transferre,
770 933 865 1000 maria
887 942 1078 1013 concludere,

102 1025 229 1087 ilumina
255 1023 472 1097 praecipitare,
498 1037 623 1081 nemora
648 1023 848 1096 suspendere.
887 1025 1027 1084 videatur
1052 1028 1109 1084 etl

103 1107 232 1169 avaritia
252 1105 353 1180 magni
374 1104 480 1164 animi:
501 1106 620 1164 acervis
635 1104 701 1165 auri
721 1109 899 1182 argentique
915 1109 1038 1169 ineubat
1052 1118 1082 1168 et

103 1188 328 1268 provinciarum
350 1189 522 1250 nominibus
542 1203 633 1263 agros
649 1188 722 1249 colit
736 1197 766 1249 et
786 1192 844 1251 sub
860 1191 988 1266 singulis
1004 1194 1080 1252 villi-

103 1277 148 1336 cis
164 1275 286 1335 latiores
301 1272 393 1332 habet
407 1273 484 1332 fines
501 1288 591 1347 quam
607 1290 686 1345 quos
703 1276 846 1334 eonsules
867 1277 1078 1336 sortiebantur.

103 1360 241 1420 videatur
253 1364 283 1417 et
297 1356 390 1415 libido
402 1357 503 1430 magni
518 1356 622 1415 animi:
637 1364 805 1418 transnatat
816 1360 900 1432 freta,
916 1364 1108 1434 puerorum3

101 1458 213 1519 greges
230 1447 357 1511 castrat,
379 1439 436 1498 sub
450 1439 583 1513 gladium
596 1440 694 1499 mariti
708 1442 792 1500 venit
805 1458 884 1501 uxor
899 1450 994 1500 morte
1010 1459 1080 1502 con-

102 1534 226 1601 tempta.
249 1523 388 1583 videatur
400 1529 429 1582 et
440 1522 561 1582 ambitio
573 1523 674 1596 magni
685 1523 791 1582 animi:
808 1541 868 1583 non
881 1532 928 1585 est
940 1532 1080 1586 contenta

101 1607 272 1670 honoribus
293 1608 411 1666 annuis.
444 1607 470 1664 si
491 1606 556 1666 fieri
578 1613 694 1680 potest,
715 1622 775 1666 uno
791 1609 912 1669 nomine
928 1624 1081 1684 occupare

102 1696 201 1754 fastus
217 1691 293 1762 vult,
315 1705 370 1764 per
390 1704 509 1750 omnem
530 1688 634 1748 orbem
654 1691 756 1750 titulos
772 1692 945 1767 disponere.
976 1692 1109 1753 Omnial

101 1779 163 1839 ista
182 1791 242 1835 non
265 1774 357 1834 refert
376 1774 407 1832 in
429 1781 573 1848 quantum
595 1775 763 1847 procedant
785 1779 1010 1852 extendantque
1035 1795 1078 1838 se.

101 1865 233 1935 angusta
248 1865 332 1930 sunt,
348 1859 474 1928 misera,
491 1857 655 1931 depressa:
676 1860 744 1918 sola
759 1860 897 1921 sublimis
913 1869 943 1921 et
956 1864 1080 1922 excelsa

102 1945 200 2004 virtus
221 1950 282 2013 est,
311 1957 368 2001 nee
390 1943 554 2017 quicquam
576 1957 717 2015 magnum
742 1952 788 2003 est
808 1946 865 2006 nisi
888 1947 971 2021 quod
991 1947 1080 2005 simul

101 2027 266 2105 placidum.

398 2243 432 2324 lt·
456 2241 594 2326 lltlllltl
614 2241 783 2326 lilioli

260 2373 629 2470 ltlllttttttltlttl
660 2375 828 2468 llltllt
856 2378 919 2470 tv,

481 2585 526 2634 ΑΙ)
545 2584 700 2636 NOVATUM

460 2686 537 2751 llll
599 2686 727 2752 llll

522 2797 661 2847 tmuau.

531 2932 647 2945 *v-

170 3023 192 3080 l.
220 3022 337 3083 Primus
363 3023 454 3095 liber,
480 3022 612 3095 Novate,
635 3021 842 3097 benigniorem
862 3022 967 3082 habuit
986 3029 1106 3082 mate-l

95 3107 185 3166 riom
224 3106 323 3166 iaeilis
349 3106 482 3168 enimin
509 3105 655 3181 proclivia
679 3107 821 3166 vitiorum
846 3106 995 3166 decursus
1021 3113 1077 3167 est.

97 3204 184 3250 nune
209 3190 248 3249 ad
273 3191 399 3251 exiliora
422 3190 604 3250 veniendum
630 3197 685 3250 est.
727 3190 900 3265 quaerimus
921 3189 1001 3250 enirn
1022 3188 1079 3251 ira

97 3282 226 3335 utrum
252 3273 400 3335 iudicio
425 3291 469 3333 an
494 3273 627 3348 inpetu
651 3274 831 3349 incipiat,
858 3273 888 3333 id
913 3282 960 3334 est
981 3282 1079 3334 utrum

98 3373 159 3419 sua
180 3366 291 3433 sponte
311 3365 470 3418 moveatur
490 3374 528 3417 an
545 3358 800 3434 quemadmodum
817 3358 977 3433 pleraque,
999 3374 1078 3434 quae

98 3443 181 3500 intra
201 3458 258 3503 nos
280 3442 384 3501 inseiis
407 3442 494 3502 nobis
509 3443 652 3502 oriuntur.
681 3441 779 3503 Debet
793 3449 893 3502 autem
908 3442 938 3502 in
952 3442 1029 3503 haee
1044 3455 1106 3506 set

98 3525 259 3586 demittere
281 3525 463 3600 disputatio,
486 3533 519 3585 ut
533 3527 573 3585 ad
587 3524 637 3584 illa
653 3541 777 3601 quoque
791 3526 898 3587 altiora
912 3527 1011 3600 possit
1025 3541 1077 3585 ex-
