2438 3968
139 235 201 305 itit
316 248 350 309 L.
371 252 519 317 andam
541 257 717 322 SENECAE
742 263 844 324 DIAL.
865 265 932 326 xii.

105 385 237 459 flectant
257 398 369 462 aecta
401 405 468 467 Non
488 417 551 483 est,
577 415 661 486 quod
683 415 723 475 de
742 431 791 475 me
806 415 874 478 aliis
890 416 1022 476 credas:
1052 418 1119 492 ipsa

136 473 203 550 tibi,
230 486 366 559 nequid
388 489 516 553 incertis
535 497 733 570 opinionibus
748 498 956 575 perturberis,
982 501 1118 562 indico

135 573 593 660 menonesseuiiserum.
618 581 799 656 adiciam,
822 599 884 658 quo
899 583 1045 644 securior
1060 586 1118 659 sis,

135 644 872 738 neirerrquidemmopossemiserum.

109 720 117 771 ¹
168 810 173 821 Ι
194 729 233 787 V.
255 732 344 797 Bona
358 742 540 804 condicione
553 747 648 822 geniti
662 765 777 822 sumus,
792 751 819 810 si
831 765 898 809 earn
911 767 976 811 non
990 751 1118 812 descru-

133 822 255 873 crunus.
289 817 324 877 ld
346 823 409 897 ogit
421 842 524 889 rerum
539 839 662 902 natura,
676 840 710 892 ut
723 833 762 892 ad
777 833 857 893 bene
870 834 1044 894 vivendum
1058 852 1117 896 non

132 907 244 969 ΜΕΝ)
261 901 411 976 adparatu
426 927 508 987 opus
522 924 621 976 esset:
634 916 908 990 uuusquisque
923 918 1066 979 facere
1079 935 1119 980 se

131 973 446 1061 boatumpotest.
474 997 1118 1063 levemomentuminadventiciis

131 1059 251 1125 rebus
268 1078 330 1131 cst
344 1082 376 1135 et
390 1081 473 1153 quod
487 1081 518 1141 in
533 1093 671 1145 neutram
684 1093 801 1160 partem
815 1099 948 1160 magnas
963 1084 1051 1146 vires
1066 1086 1117 1145 ha-

132 1139 218 1203 bedic
233 1165 292 1211 neo
306 1163 446 1224 secunda
460 1168 631 1242 sapientem
644 1168 776 1228 evehunt
785 1182 843 1226 nec
855 1167 996 1229 adversa
1010 1170 1116 1229 demit·

102 1230 206 1357 2iuni·
239 1235 392 1305 laboravit
406 1248 487 1310 enim
501 1267 637 1327 semper,
652 1261 685 1312 ut
698 1252 728 1310 in
742 1267 778 1313 se
790 1251 956 1326 plurimum
972 1261 1115 1326 poneret,

133 1316 212 1373 intra
233 1333 270 1379 se
291 1341 383 1389 omne
403 1335 547 1408 gaudium
570 1345 694 1412 pateret
724 1335 800 1409 outo
815 1342 913 1409 ergo?
939 1339 1114 1411 sapientem

133 1408 206 1459 osse
227 1419 277 1466 mc
297 1411 390 1475 dioo‘t
413 1420 545 1482 minime.
579 1438 648 1480 nam
661 1421 691 1479 id
706 1421 828 1496 quidem
842 1420 870 1478 si
885 1419 1027 1493 profiteri
1044 1436 1112 1497 pos·

133 1493 210 1557 sem,
225 1504 288 1552 non
303 1504 420 1562 tantum
434 1520 577 1580 negarem
593 1506 734 1564 miserum
749 1518 820 1563 esse
831 1519 889 1576 me,
903 1504 963 1563 sed
976 1504 1113 1565 omnium

134 1563 407 1646 fortunatissimum
430 1590 508 1648 etin
531 1589 661 1649 vicinum
680 1588 739 1647 deo
754 1587 935 1662 perductum
951 1589 1112 1662 praedica-

135 1663 215 1751 rem:
240 1677 338 1743 nunc,
361 1673 444 1746 quod
465 1674 540 1733 satis
555 1682 602 1733 est
617 1671 657 1732 ad
672 1673 768 1732 omnis
783 1669 923 1730 miserias
939 1671 1111 1744 leniendas,

135 1748 329 1830 §artantibus
350 1771 399 1815 me
414 1756 487 1816 viris
502 1757 572 1817 dedi
587 1764 617 1816 et
630 1756 762 1815 nondum
777 1755 806 1812 in
822 1754 969 1814 auxilium
985 1757 1048 1816 mei
1063 1772 1111 1814 va-

136 1819 218 1886 hdus
240 1830 271 1890 in
293 1836 391 1898 aliena
406 1848 505 1901 castra
521 1841 657 1914 coniugi,
678 1854 781 1899 eorum
797 1837 929 1910 scilicet,
952 1839 1009 1914 qui
1025 1840 1111 1899 facile

105 1900 173 1965 380
193 1925 231 1971 ac
253 1932 329 1980 suos
349 1930 479 1984 tuentur.
511 1925 556 1983 liii
576 1940 625 1983 me
644 1923 799 1983 iusserunt
812 1929 894 1981 stare
908 1921 1047 1983 adsidue
1063 1938 1110 1981 vc—

138 1991 181 2054 lut
215 1998 246 2058 in
281 2006 436 2079 praesidio
466 2008 596 2083 positum
626 2015 656 2066 et
683 2007 781 2066 omnis
809 2012 938 2066 conatus
970 2008 1111 2066 fortunae

138 2086 168 2139 et
199 2089 298 2149 omnis
327 2091 448 2165 inpetus
474 2092 652 2166 prospicere
674 2093 768 2150 mutto
792 2097 862 2163 ante
887 2105 982 2164 quam
1011 2091 1110 2151 incur-

138 2173 216 2227 rant.
248 2170 308 2234 iliis
331 2175 434 2249 gravis
455 2182 517 2246 cst,
544 2174 654 2250 quibus
674 2173 1021 2247 1·epentinaest=taciie
1046 2190 1110 2234 eum

140 2254 284 2329 sustinet,
319 2259 371 2334 qui
404 2274 526 2334 semper
551 2265 718 2334 exspectat.
750 2273 818 2316 nam
841 2264 871 2316 et
894 2256 1032 2318 hostium
1058 2259 1111 2318 ad·

140 2347 250 2402 ventus
280 2358 336 2404 eos
362 2344 538 2418 prosternit,
565 2359 642 2417 quos
665 2342 848 2416 inopinantis
873 2344 1055 2416 occupavita
1083 2350 1112 2401 at

141 2421 194 2495 qut
222 2428 322 2488 tuturo
353 2444 389 2487 se
415 2427 494 2488 beiio
520 2434 589 2486 ante
612 2428 722 2486 beilum
757 2433 957 2501 paraverunt,
994 2442 1111 2502 conpo-

142 2505 190 2567 siti
215 2519 245 2571 ct
271 2512 363 2588 aptati
377 2512 521 2586 primum,
547 2511 598 2586 qui
622 2508 912 2570 tumultuosissimus
927 2515 992 2582 est,
1022 2510 1111 2571 ictum

110 2590 229 2654 tractre
249 2597 410 2672 excipiunt.
442 2595 612 2670 Numquam
632 2609 689 2669 ego
705 2596 843 2654 fortunae
863 2592 995 2667 credidi,
1023 2594 1112 2654 etiam

143 2691 210 2738 cum
230 2679 383 2740 videretur
397 2695 503 2754 pacem
519 2694 618 2752 agere.
651 2679 750 2737 omnia
771 2676 836 2749 illa,
861 2676 986 2751 quaein
1004 2693 1053 2737 me
1068 2679 1111 2736 in·

143 2761 373 2839 dulgentissime
388 2762 577 2835 conferebat,
601 2762 774 2836 paeoniam,
797 2760 946 2834 honores,
972 2762 1111 2836 gratiam,

143 2860 180 2907 eo
195 2849 263 2908 loco
280 2846 385 2922 posui,
407 2846 489 2906 unde
503 2852 611 2921 posset
623 2846 690 2904 sine
704 2854 785 2905 motu
800 2859 869 2904 meo
885 2851 1037 2919 repetere.
1067 2846 1112 2905 in·

142 2933 299 2992 tervailum
321 2931 399 2991 inter
412 2931 461 2989 illa
476 2939 506 2989 ct
519 2945 568 2988 me
581 2946 721 3004 magnum
736 2928 838 2988 habui.
869 2927 972 3003 itaque
986 2929 1113 2990 abstulit

143 3015 209 3092 iila,
235 3034 295 3078 non
316 3014 436 3076 avulsit.
467 3013 620 3072 Neminem
642 3014 772 3073 adversa
796 3014 914 3072 fortuna
935 3013 1112 3086 conminuit,

112 3101 200 3162 anisi
216 3119 305 3179 quem
320 3099 457 3161 secunda
470 3097 600 3172 decepit.
619 3096 664 3157 liti
680 3098 731 3170 qui
742 3112 868 3156 munera
878 3096 944 3155 cius
956 3097 1043 3156 reiut
1056 3113 1113 3157 sua

145 3194 175 3245 ct
188 3194 336 3262 perpetua
350 3190 534 3250 amaverunt,
550 3182 602 3255 qui
618 3197 653 3240 sc
668 3181 783 3255 suspici
800 3188 925 3255 propter
938 3179 989 3239 iila
1005 3181 1112 3241 votue-

144 3277 226 3342 runt,
252 3271 351 3330 iacent
369 3276 400 3328 et
420 3275 568 3339 moerent,
595 3281 663 3326 cum
678 3281 774 3324 vanos
788 3272 819 3324 et
833 3264 966 3338 pueriles
981 3265 1112 3336 animos,

145 3353 244 3413 omnis
265 3353 382 3413 solidae
402 3351 567 3425 voluptatis
589 3349 727 3423 ignaros,
754 3349 831 3407 iaisa
845 3355 875 3407 et
889 3347 1112 3408 mobiliaobie-

145 3440 294 3495 ctamcnta
308 3435 488 3496 destituunt:
505 3442 535 3494 at
548 3434 606 3508 illc,
622 3433 674 3507 qui
689 3447 723 3493 se
737 3432 823 3492 laetis
837 3432 930 3491 rebus
945 3448 1007 3491 non
1023 3429 1115 3491 iniia-

145 3517 203 3590 vit,
218 3535 275 3579 nec
288 3519 409 3578 mutatis
424 3515 582 3577 contrahit.
605 3518 753 3576 adversus
769 3522 928 3590 utrumque
942 3523 1055 3576 statum
1066 3515 1111 3574 in-
