2438 3968
204 247 266 310 300
492 247 524 304 L.
546 246 690 304 ANNAEI
713 245 887 305 SENECAE

207 401 236 458 in
252 413 358 459 omnes
374 398 461 474 [extu
482 399 591 473 omnio]
607 405 714 469 vegeta
735 403 806 455 sunt
823 403 915 471 atque
930 405 1039 458 erecta
1054 405 1108 460 aut
1120 400 1175 458 lan-

205 499 302 558 guore
323 481 473 553 demissa,
503 489 593 555 prout
612 480 730 538 animus
752 496 857 539 eorum
878 479 953 539 vivit
978 489 1033 542 aut
1057 490 1175 543 marcet

205 568 301 627 Erunt
322 565 422 638 cives,
446 570 534 624 erunt
553 564 629 623 socii
651 563 733 637 digni
753 563 811 622 hac
831 564 966 624 bonitate
989 565 1049 625 et
1040 582 1072 624 m
1088 572 1213 627 totum!

207 651 311 711 orbem
326 647 400 708 recti
414 664 515 707 mores
529 653 731 706 revertentur.
753 654 895 721 parcetur
908 647 1028 723 ubique
1039 649 1176 710 manibus
1211 651 1213 753 l

174 745 191 797 1
208 734 302 808 [turs]
339 732 458 793 Diutius
478 748 526 790 me
545 731 655 790 morari
677 731 725 789 bie
744 738 868 805 patere,
896 748 957 791 non
979 738 1013 792 ut
1034 731 1213 794 blandum

207 819 332 878 auribus
345 817 415 877 tuis.
443 830 499 874 nec
515 816 594 873 enim
608 815 657 872 bic
671 814 741 872 mihi
757 831 824 875 mos
839 823 895 875 est
920 817 1085 876 maluerim
1100 817 1176 877 veris

207 901 363 962 offendere
380 917 469 974 quam
485 901 606 974 placere
622 899 789 958 adulando:
816 899 890 973 quid
904 915 980 974 ergo
995 907 1069 961 estt
1096 917 1175 977 prae

206 994 251 1046 ter
271 985 317 1056 id,
341 985 423 1059 quod
445 985 523 1042 bene
544 982 631 1041 lactis
652 982 803 1058 dictisque
824 984 882 1043 tuis
898 1000 991 1059 quam
1005 985 1176 1046 familiaris·

206 1070 315 1129 simum
329 1084 401 1128 esse
416 1076 444 1126 te
459 1068 564 1142 cupio,
587 1075 621 1125 ut
634 1067 718 1140 quod
732 1083 813 1127 nunc
827 1075 933 1127 natura
944 1074 974 1127 et
984 1067 1113 1142 inpetus
1125 1075 1176 1144 est,

205 1154 259 1213 fiat
273 1152 432 1225 iudicium,
453 1151 528 1210 illud
542 1166 660 1210 mecum
675 1151 853 1226 considero,
873 1153 984 1212 multas
999 1168 1101 1214 voces
1119 1169 1175 1213 ma·

205 1253 297 1311 guas,
324 1237 380 1295 sed
401 1234 610 1307 detestabiles,
639 1234 667 1292 in
692 1235 783 1294 vitam
807 1234 968 1295 humanam
995 1238 1177 1309 pervenisse

207 1321 406 1395 celebresque
421 1321 511 1393 volgo
528 1318 613 1389 terri,
637 1326 669 1378 ut
685 1319 779 1378 illam:
801 1320 928 1391 oderint,
951 1320 1024 1379 dom
1039 1327 1176 1382 metuont

206 1405 255 1464 oui
278 1405 411 1464 Graecus
430 1420 539 1462 versus
561 1401 667 1462 similis
681 1411 729 1462 est
743 1403 841 1478 1111111,
866 1404 917 1477 qui
931 1418 967 1462 se
981 1411 1105 1465 mortuo
1121 1411 1176 1466 ter·

173 1496 191 1551 3
205 1505 268 1548 ram
285 1487 406 1548 misceri
420 1487 539 1560 ignibus
553 1485 649 1558 iubet,
672 1496 701 1545 et
716 1487 774 1546 alia
789 1487 879 1546 huius
894 1495 995 1547 notae.
1018 1504 1058 1548 ae
1073 1489 1176 1549 nescio

208 1574 362 1648 quomodo
384 1571 505 1645 ingenia
525 1570 657 1630 inmania
677 1580 707 1630 et
727 1571 826 1631 invisa
849 1569 974 1630 materia
998 1571 1176 1633 secundiori

206 1662 426 1731 expresserunt
447 1671 558 1714 sensus
579 1653 774 1714 vehementes
796 1660 827 1713 et
851 1655 1032 1715 concitatos.
1066 1657 1176 1718 nullam

207 1740 306 1800 adhuc
317 1754 424 1799 vocem
435 1739 538 1798 audivi
550 1754 589 1796 ex
600 1737 996 1812 bonoleoiqueanimosam.
1018 1739 1178 1816 quidergo

206 1830 274 1882 esto
301 1829 335 1882 ut
353 1840 438 1891 raro,
460 1823 570 1881 invitus
585 1828 615 1879 et
633 1837 699 1880 cum
715 1837 823 1895 magna
839 1822 1048 1896 cunctatione,
1072 1825 1114 1884 ita
1128 1825 1177 1884 ali·

208 1906 331 1980 quando
352 1904 469 1966 scribas
488 1921 616 1964 neeesse
630 1913 677 1966 est
692 1905 787 1978 istud,
810 1906 891 1979 quod
907 1905 960 1966 tibi
974 1907 1005 1965 in
1023 1908 1130 1968 odium
1145 1907 1177 1967 li

206 1996 287 2048 teras
302 1989 443 2061 adduxit,
466 1989 536 2057 sed,
558 1988 636 2049 sicut
650 1988 738 2067 lacis,
764 2006 833 2048 oum
848 2005 958 2064 magna
972 1992 1177 2065 cunctatione,

207 2089 275 2132 oum
292 2073 393 2132 multis
408 2070 612 2131 dilationibus.

177 2167 191 2219 l
269 2157 318 2216 ΠΙ.
346 2157 384 2217 Et
404 2171 442 2215 ne
463 2156 540 2215 lorte
561 2156 692 2230 decipiat
712 2173 769 2216 nos
794 2157 971 2231 speciosum
997 2157 1178 2219 clementiae

207 2257 318 2302 nomen
340 2240 504 2315 aliquando
519 2246 549 2298 et
565 2239 594 2297 iu
611 2237 793 2300 contrarium
807 2239 952 2315 abducat,
977 2241 1175 2304 videamus

208 2323 299 2400 quid
321 2323 374 2385 sit
393 2324 596 2384 clementia
616 2324 824 2398 qualisque
845 2325 945 2384 sitet
960 2341 1062 2399 quos
1079 2327 1177 2387 lines

207 2408 355 2470 habeat

270 2491 434 2553 clementia
440 2499 488 2552 est
498 2492 695 2566 temperantia
707 2492 796 2550 animi
807 2492 836 2550 in
850 2498 1001 2564 potestate
1008 2492 1177 2554 ulciscendi

206 2576 255 2635 vel
266 2577 374 2637 lenitas
384 2577 553 2651 superioris
565 2577 715 2635 adversus
727 2574 898 2635 interiorem
910 2575 939 2633 in
953 2577 1176 2639 constituendis

208 2660 326 2735 poenis.
358 2659 448 2719 Plura
464 2675 636 2734 proponere
649 2660 740 2720 tutius
756 2666 816 2732 est,
837 2676 876 2719 ne
890 2675 950 2717 una
960 2659 1060 2721 11111110
1074 2676 1175 2738 parum

206 2759 271 2803 rem
293 2743 523 2818 conprehendat
541 2750 586 2816 et,
613 2751 646 2802 ut
672 2743 713 2802 ita
738 2744 854 2816 dicam,
884 2744 1012 2804 lormula
1040 2746 1173 2806 excidat:

175 2826 311 2902 itaque
325 2827 384 2886 dici
400 2834 502 2902 potest
512 2834 542 2886 et
552 2826 705 2886 inclinatio
718 2828 808 2886 animi
800 2789 858 2886 ad
869 2826 1044 2888 lenitatem
1035 2846 1066 2888 m
1078 2843 1173 2920 poena

180 2910 367 3006 texigenda
404 2911 458 2970 llla
478 2909 550 2971 linit
531 2919 572 2971 tro
596 2911 849 2971 contradictiones
864 2909 1013 2985 inveniet,
1038 2909 1171 2988 quamvis

206 2997 337 3054 maxime
351 2994 391 3054 ad
405 3011 511 3054 verum
526 2996 667 3054 accedat
687 3010 713 3054 ει
706 2993 890 3056 'dixerimus
903 2995 1096 3056 clementiam
1108 3009 1172 3056 esse

206 3078 443 3139 moderationem
459 3078 574 3153 aliquid
584 3094 622 3138 ex
635 3078 741 3138 merita
751 3095 787 3138 ae
798 3078 899 3138 debita
910 3094 1013 3154 poena
1022 3080 1171 3140 remitten-

206 3170 282 3235 tem,
302 3162 515 3222 reclamabitur
531 3164 643 3222 nullam
656 3162 796 3222 virtutem
808 3162 949 3237 cuiquam
958 3164 1062 3224 minus
1074 3163 1170 3224 debito

207 3248 318 3306 lacere.
342 3248 425 3321 atqui
437 3247 496 3306 boo
509 3263 614 3307 omnes
626 3247 1085 3322 intelleguntclementiamesse,
1099 3260 1172 3324 quae

208 3345 242 3387 se
257 3329 351 3392 flectit
365 3332 439 3391 citra
452 3330 499 3403 id,
524 3332 607 3406 quod
621 3331 727 3390 merito
744 3331 885 3391 constitui
901 3339 1018 3412 posset.
1210 3278 1213 3453 ι

182 3421 200 3471 t>
270 3413 321 3473 tv.
343 3414 421 3474 Huic
437 3415 616 3476 contrariam
630 3413 750 3490 inperiti
770 3422 875 3488 putant
888 3415 1100 3476 severitatema
1120 3413 1169 3475 sed
1211 3462 1213 3467 ,

207 3497 290 3556 nulla
309 3498 406 3557 virtus
427 3498 527 3558 virtuti
549 3497 699 3558 contraria
722 3505 778 3556 est.
812 3498 900 3573 quid
930 3515 1023 3574 ergo
1056 3514 1169 3575 oppo-
