2438 3968
139 251 193 309 nn
215 250 398 310 nanctum
420 251 470 310 nu
494 215 791 311 consonatione.
815 260 932 315 ra-rc.
975 249 1034 314 teo

64 402 165 462 dedis
182 402 330 461 neminem
347 403 442 477 queri.
464 402 602 462 Tiberius
614 402 728 463 Caesar
742 410 772 464 et
783 420 872 479 quem
888 414 1066 479 genuerata

62 493 93 546 et
109 500 197 560 quem
214 486 420 561 adoptaverat,
438 485 544 560 amisit,
566 487 633 561 ipse
647 494 746 546 tamen
764 503 818 561 pro
841 489 950 550 rostris
971 490 1034 550 lau-

63 570 147 629 davit
161 570 254 628 filium
276 571 417 645 stetitque
431 571 462 629 in
478 577 645 645 conspectu
665 570 767 646 posito
783 586 922 646 corpore,
944 574 1033 633 inter-

62 655 141 713 iecto
163 656 368 715 tantummodo
392 654 577 727 velamento,
607 655 690 729 quod
713 655 865 728 pontificis
889 659 1035 718 oculosa

63 739 169 796 funere
183 745 308 810 arceret,
331 745 360 798 et
374 735 465 797 flente
488 741 601 814 populo
622 740 760 799 Romano
781 753 842 799 non
865 737 950 798 flexit
970 741 1034 800 vol—

62 828 134 881 tum.
157 821 376 896 experiendum
391 836 426 881 se
444 821 528 882 dedit
542 821 653 882 Seiano
668 821 706 882 ad
725 823 802 883 lalus
824 823 921 894 stanti,
944 839 1034 897 quam
1087 869 1089 874 .

63 904 210 979 patienter
226 912 332 979 posset
346 921 420 966 suos
438 906 576 979 perdere.
594 906 732 966 Videsne
754 915 866 981 quanta
881 907 971 981 copia
992 908 1065 966 vil

61 1005 163 1048 rorum
178 989 376 1050 maximorum
392 990 438 1062 sit,
461 1005 539 1063 quos
561 1006 621 1050 non
636 990 757 1065 excepit
777 991 826 1051 hic
848 989 948 1051 omnia
964 1007 1034 1065 pro·

62 1080 202 1132 sternens
218 1089 309 1133 casus
325 1079 354 1133 et
375 1073 404 1131 in
421 1089 499 1148 quos
514 1081 559 1134 tot
572 1072 662 1133 animi
682 1074 772 1147 bona,
795 1082 839 1136 tot
858 1085 1034 1137 ornamenta

63 1157 183 1231 publice
197 1157 397 1233 privatimque
409 1167 554 1232 congesta
568 1164 673 1218 erant?
684 1158 741 1218 sed
752 1159 894 1218 videlicet
907 1160 929 1218 it
941 1159 968 1216 in
986 1176 1033 1221 or-

61 1239 131 1298 bem
147 1240 203 1301 ista
218 1247 384 1315 tempestas
400 1247 430 1300 et
450 1240 516 1301 sine
532 1242 651 1302 delectu
671 1248 770 1301 vastat
790 1240 890 1302 omnia
911 1243 1033 1319 agitque

61 1331 94 1383 ut
116 1341 181 1383 sua.
215 1325 285 1383 iube
306 1325 443 1399 singulos
466 1326 603 1386 conferre
623 1324 786 1386 rationem=
816 1327 887 1385 nulli
911 1328 1035 1402 contigit

62 1407 176 1482 inpune
192 1408 285 1468 nasci.

125 1493 204 1551 XVI.
224 1491 293 1552 Scio
311 1490 385 1566 quid
399 1493 498 1551 dicas:
527 1493 657 1565 „oblitus
674 1509 708 1553 es
724 1495 865 1553 feminam
881 1500 909 1554 te
925 1509 1034 1556 conso·
1051 1508 1063 1559 1

62 1575 126 1649 lari,
141 1576 276 1635 virorum
293 1577 388 1635 refers
404 1577 573 1652 exempla.“
606 1576 678 1649 Quis
693 1585 792 1637 autem
809 1577 885 1637 dixit
898 1586 1035 1638 naturam

63 1659 194 1733 maligne
217 1675 284 1719 cum
299 1658 496 1720 muliebribus
511 1660 640 1734 ingeniis
657 1662 759 1736 egisse
775 1668 805 1721 et
824 1662 947 1722 virtutes
970 1662 1033 1723 illa-

63 1759 128 1801 rum
143 1743 172 1801 in
189 1750 285 1803 artum
300 1743 485 1803 retraxisset
510 1760 565 1818 par
582 1745 648 1818 illis,
665 1745 735 1804 mihi
752 1748 852 1820 crede,
868 1745 962 1820 vigor,
979 1763 1035 1821 par

62 1827 102 1885 ad
118 1826 254 1896 honesta,
271 1825 368 1901 libeat,
385 1828 512 1887 facultas
533 1834 588 1887 est.
618 1830 754 1889 dolorem
776 1831 972 1906 laboremque
995 1845 1034 1890 ex

62 1925 171 1986 aequo,
194 1913 219 1972 si
242 1926 446 1982 consuevere,
469 1913 631 1986 patiuntur.
661 1913 693 1971 In
716 1929 777 1988 qua
797 1913 879 1974 istud
900 1914 984 1989 urbe,
1004 1915 1066 1980 dia

64 1995 145 2062 honi,
162 1995 334 2070 loquimur‘t
355 1996 384 2054 in
401 2011 462 2070 qua
476 2011 578 2069 regem
593 1997 737 2058 Romanis
757 1997 906 2073 capitibus
921 1999 1032 2058 Lucre-

61 2079 101 2137 tia
123 2084 153 2139 et
166 2080 277 2139 Brutus
293 2079 483 2139 deiecerunt:
504 2079 597 2140 Bruto
614 2081 777 2141 libertatem
798 2082 954 2155 debemus,
976 2083 1034 2141 Lu-

62 2163 173 2223 cretiae
188 2164 322 2223 Brutum.
345 2163 373 2224 in
392 2180 451 2239 qua
467 2163 608 2225 Cloeliam
630 2172 803 2241 contempto
818 2166 906 2227 hoste
927 2174 957 2226 et
978 2164 1034 2224 flu-

62 2247 142 2306 mine
157 2247 196 2307 ob
212 2246 360 2322 insignem
376 2248 534 2308 audaciam
549 2255 662 2309 tantum
675 2266 735 2309 non
751 2251 781 2308 in
793 2251 876 2312 viros
893 2249 1034 2309 transcri-

62 2331 191 2406 psimus.
214 2333 347 2405 equestri
363 2331 499 2392 insidens
521 2340 638 2392 statuae
659 2334 688 2392 in
710 2349 799 2393 sacra
820 2334 878 2404 via,
902 2332 1034 2392 celeber·
1133 2371 1136 2377 -

61 2414 138 2475 rimo
156 2416 234 2486 loco,
250 2416 363 2476 Cloelia
384 2416 549 2490 exprobrat
564 2416 724 2476 iuvenibus
742 2418 855 2476 nostris
879 2415 1034 2492 pulvinum

62 2498 307 2573 escendentibus,
329 2499 358 2558 in
374 2515 410 2559 ea
424 2501 492 2559 illos
514 2500 588 2559 urbe
609 2499 654 2559 sic
677 2499 802 2575 ingredi,
826 2500 855 2559 in
875 2499 1035 2575 quaetiam

63 2583 191 2642 feminas
207 2598 287 2657 equo
301 2582 492 2644 donavimus.
515 2583 601 2656 Quod
619 2583 672 2642 tibi
688 2585 766 2644 sivis
774 2587 916 2659 exempla
930 2585 1035 2643 referri
1049 2601 1066 2653 3

62 2665 249 2741 feminarum,
262 2682 340 2741 quae
356 2683 430 2727 suos
442 2666 557 2728 fortiter
568 2667 816 2739 desideraverint,
833 2685 892 2728 non
904 2666 1036 2729 ostiatim

62 2765 216 2825 quaeram.
240 2766 277 2810 ex
298 2767 359 2809 una
375 2751 425 2810 tibi
448 2750 560 2811 familia
580 2752 657 2811 duas
681 2752 834 2812 Cornelias
857 2752 953 2812 dabo:
975 2753 1034 2826 pri-

62 2849 140 2892 mam
170 2833 321 2910 Scipionis
345 2834 450 2907 liliam,
474 2834 678 2895 Gracchorum
701 2842 836 2895 matrem.
873 2835 1034 2896 duodecim
1081 2860 1084 2867 ⁴

62 2918 113 2977 illa
128 2925 233 2992 partus
249 2919 370 2978 totidem
388 2919 543 2979 funeribus
558 2920 745 2993 recognovit.
769 2927 798 2980 et
813 2919 851 2979 de
866 2921 975 2981 ceteris
990 2921 1033 2979 fa-

62 3001 119 3061 cile
134 3008 190 3075 est,
207 3019 287 3077 quos
303 3002 465 3063 noceditos
480 3019 536 3062 nec
550 3003 681 3064 amissos
695 3004 801 3063 civitas
815 3004 926 3063 sensitz
947 3002 1033 3062 Tibe-

60 3085 138 3144 rium
156 3086 324 3145 Gracchum
340 3094 369 3146 et
385 3085 485 3146 Caium
502 3086 679 3158 Gracchum,
704 3104 782 3162 quos
803 3087 891 3146 etiam
914 3086 965 3161 qui
980 3087 1033 3146 ho-

61 3185 119 3228 nos
135 3168 218 3230 viros
234 3170 397 3245 negaverit,
412 3185 539 3246 magnos
563 3171 710 3243 fatebitur,
727 3177 757 3229 et
772 3170 894 3231 occisos
918 3168 992 3230 vidit
1006 3178 1036 3230 et

60 3253 242 3327 insepultos.
271 3254 499 3314 consolantibus
515 3261 612 3313 lamen
628 3255 832 3329 miseramque
849 3254 1033 3315 dicentibus:

61 3353 255 3411 „numquam
272 3338 376 3412 inquit,
392 3355 452 3398 non
469 3337 586 3398 felicem
597 3353 646 3397 me
658 3338 765 3412 dicam,
786 3354 865 3413 quae
878 3339 1033 3399 Gracchos

62 3422 199 3495 peperi.“
228 3421 365 3483 Cornelia
384 3421 459 3481 Livii
475 3421 565 3482 Drusi
586 3421 785 3481 clarissimum
807 3421 946 3482 iuvenem
968 3421 1064 3482 illu-t

61 3503 133 3564 stris
145 3506 264 3578 ingenii,
283 3507 443 3568 vadentem
453 3521 509 3584 per
517 3505 840 3581 Gracchanavestigia,
860 3506 1033 3581 inperfectis
