2438 3968
206 247 267 308 262
490 245 522 302 L.
542 243 686 302 ANNAEI
708 242 883 303 SENECAE

248 394 343 456 Crede
357 393 443 466 mihi,
464 393 545 452 vires
560 393 677 467 aliquas
693 401 799 452 natura
813 393 985 467 sepulchris
1161 407 1176 456 o

287 478 443 538 Attribnitz
462 477 594 537 tumulos
607 477 740 537 vindicat
754 476 860 536 umbra
873 493 959 536 suos

247 564 337 639 Ipsos
353 561 444 622 crede
459 561 534 620 deos
549 558 608 620 hoc
622 575 702 618 nunc
716 560 768 619 tibi
783 560 899 632 dicere,
924 559 1018 634 livor,

288 647 354 706 Hoc
368 645 421 705 tibi
435 659 515 704 nunc
529 659 634 704 manes
650 642 752 702 dicere
766 644 857 703 crede
872 659 974 702 meos:

245 731 307 791 Res
322 736 370 789 est
384 743 486 801 sacra,
506 727 607 786 miser.
635 727 696 785 noli
711 743 778 785 mea
791 733 915 802 tangere
931 728 1003 786 latu.

289 813 461 886 Sacrilegae
474 811 571 870 bustis
587 812 759 870 abstinuere
773 825 890 869 manus.
1141 821 1172 870 lo

288 913 317 956 v.
633 910 730 951 rann.

247 977 385 1040 Carmina
397 979 550 1039 mortifero
565 987 616 1038 tua
630 986 700 1037 sunt
714 977 831 1037 suffusa
843 993 980 1049 veneno,

286 1064 324 1123 Et
338 1071 408 1122 sunt
422 1062 595 1122 criminibus
610 1069 736 1136 pectora
749 1063 835 1136 nigra
848 1061 955 1136 magis.

243 1147 338 1208 Nemo
353 1154 422 1207 tuos
437 1147 545 1222 fugiat,
567 1162 628 1207 non
644 1146 705 1218 vir,
726 1161 786 1204 non
802 1144 914 1205 femina
927 1145 1055 1219 dentes,

285 1231 375 1291 Haud
390 1247 478 1306 puer,
499 1229 581 1289 hand
597 1238 680 1289 actas
694 1229 829 1304 undique
843 1235 908 1289 tuta
922 1227 1022 1302 senis,

245 1316 345 1390 thue
360 1314 463 1374 lunens
477 1321 556 1374 totas
570 1312 697 1373 immittit
712 1328 787 1372 saxa
802 1328 856 1386 per
870 1313 963 1372 urbes
1152 1322 1166 1371 5

287 1400 320 1457 In
336 1401 496 1474 populum,
519 1398 563 1457 sic
578 1406 610 1458 tu
624 1397 718 1456 verba
732 1397 862 1470 maligna
875 1396 960 1456 iacis.

246 1482 309 1544 Sed
324 1484 403 1544 solet
415 1484 541 1542 insanos
555 1482 687 1556 populus
702 1495 900 1555 compescere
915 1496 1026 1556 sanus,

287 1566 325 1627 Et
337 1573 478 1642 repetunt
492 1573 605 1626 motum
619 1581 693 1624 saxa
708 1565 836 1623 remissa
851 1559 950 1638 caput.

242 1650 280 1709 ln
295 1657 324 1709 te
338 1666 417 1709 nunc
432 1650 551 1724 stringit
564 1649 662 1708 nullus
677 1664 737 1707 non
753 1648 886 1707 carmina
897 1656 1002 1723 vatem

287 1733 384 1807 Inque
399 1741 479 1794 tuam
493 1732 606 1792 rabiem
622 1733 742 1806 publica
755 1730 844 1790 Musa
857 1730 936 1792 furit.
1141 1743 1167 1792 ιο

246 1816 323 1875 Dum
337 1833 393 1876 sua
409 1817 586 1892 conpositus
600 1815 733 1876 nondum
748 1815 826 1874 bcne
842 1815 976 1876 concutit
989 1831 1076 1875 arma

288 1899 391 1971 MileS,
411 1900 433 1959 it
447 1916 464 1960 e
479 1906 582 1960 nostra
596 1901 701 1959 lancea
715 1906 793 1959 torta
805 1915 905 1958 manu.

246 1983 349 2043 Bellus
365 1983 469 2057 homo,
492 1990 522 2042 et
536 1983 634 2043 valide
649 1981 788 2057 capitalia
802 1983 938 2042 carmina
951 1982 1050 2058 ludio,

289 2066 396 2142 Deque
410 2067 469 2127 tuis
485 2074 606 2126 manant
619 2074 683 2125 atra
696 2082 814 2125 venena
827 2067 913 2127 iocis.

247 2150 310 2211 Sed
324 2156 356 2210 tu
371 2165 486 2225 perque
500 2149 599 2209 iocum
614 2149 690 2209 dicis
703 2151 880 2224 vinumque:
903 2151 977 2226 quid
987 2150 1027 2210 ad
1040 2165 1119 2222 rem,
1135 2158 1165 2210 15

290 2233 323 2294 Si
338 2236 469 2310 plorem,
490 2232 570 2293 risus
585 2232 612 2293 si
626 2241 695 2293 tuus
710 2233 768 2293 ista
782 2234 872 2293 lacit?

248 2317 346 2392 Quare
359 2319 431 2378 tolle
445 2318 545 2378 iocos:
568 2334 628 2377 iton
643 2324 690 2376 est
704 2317 790 2377 iocus
804 2333 875 2377 esse
889 2317 1063 2393 malignum.

287 2401 457 2477 Numquam
472 2409 542 2461 sunt
555 2402 644 2476 grati,
668 2402 718 2475 qui
734 2417 866 2460 nocuere
881 2402 973 2462 sales.

287 2503 330 2543 vr.
567 2496 613 2544 uo
636 2501 790 2544 noricum.
939 2496 942 2499 ·

248 2569 367 2644 Crispe,
389 2584 475 2629 meae
487 2569 583 2641 vires,
606 2571 816 2643 lassarumque
830 2583 942 2629 ancora
955 2584 1073 2642 rerum,

290 2652 409 2726 Crispe,
430 2653 478 2712 vel
495 2652 618 2727 antiquo
634 2651 850 2727 conspiciende
864 2652 947 2712 loro=

249 2735 354 2811 Crispe
371 2743 479 2810 potens
494 2752 670 2811 numquam,
688 2736 746 2795 nisi
761 2751 828 2794 cum
842 2736 993 2810 prodesse
1004 2735 1144 2805 volebas,

288 2819 451 2894 Naufragio
465 2820 546 2880 littus
563 2827 686 2893 tutaque
699 2827 778 2879 terra
790 2834 872 2890 meo,

249 2902 340 2964 Solus
354 2903 452 2964 honor
466 2904 554 2963 nobis
568 2920 623 2963 arx
638 2911 668 2962 et
681 2903 830 2963 tutissima
843 2903 931 2962 nobis
1150 2912 1164 2963 5

288 2985 326 3048 Et
341 3002 419 3046 nunc
433 2985 545 3047 alflicto
560 2989 627 3047 sola
642 2989 728 3062 quies
745 2986 858 3046 animo·

248 3072 367 3147 crispe,
390 3071 467 3130 tides
483 3071 595 3145 dulcis,
617 3070 788 3145 placidique
803 3070 948 3130 acerrima
961 3069 1073 3141 virtus,

290 3154 382 3226 Cuius
398 3153 543 3228 Cecropio
559 3162 683 3230 pectora
696 3155 784 3214 melle
799 3153 935 3214 madent:

247 3237 378 3298 Maxima
391 3238 521 3298 facundo
537 3237 585 3298 'vel
599 3254 657 3298 avo
671 3240 720 3297 vel
733 3238 828 3312 gloria
844 3236 937 3312 patri,

290 3320 354 3394 Quo
370 3323 436 3382 solo
453 3329 553 3381 careat
567 3321 593 3381 si
608 3321 691 3397 quis,
713 3322 743 3380 in
759 3321 865 3382 exsilio
881 3318 956 3381 esta
1137 3331 1166 3381 to

248 3404 294 3462 An
311 3410 377 3476 tua,
400 3405 452 3480 qui
466 3404 552 3465 iaceo
568 3406 652 3466 saxis
667 3404 780 3465 telluris
795 3405 980 3474 adhaerens,

289 3485 375 3545 Mens
390 3503 507 3547 mecum
522 3496 582 3563 est,
602 3490 683 3549 nulla
698 3505 776 3564 quae
791 3488 947 3549 cohibetur
960 3487 1075 3548 humot
