2438 3968
256 236 259 243 ’
285 243 335 302 DE
349 241 569 302 BREVITATE
583 241 711 301 VITAE.
726 250 753 302 2.
763 249 791 302 3.
963 239 1026 301 199

54 394 208 472 inspicere
227 400 258 453 te
277 409 436 468 umquam,
459 408 520 452 non
536 392 643 452 audire
659 391 801 467 dignatus
815 409 860 452 es.
894 393 962 453 Non
978 402 1027 454 est

56 483 173 556 itaque,
197 478 279 553 quod
295 477 354 538 ista
368 475 470 537 0111010
485 476 627 551 cuiquam
642 476 778 550 inputes,
802 475 945 551 quoniam
961 477 1026 551 qui-

59 565 140 636 dem,
163 579 230 624 cum
245 562 296 621 illa
310 563 443 633 laceres,
458 577 519 621 non
531 575 603 620 esse
615 576 683 620 curn
695 561 798 636 aliquo
810 561 954 633 volebas,
970 561 1027 620 sed

59 656 155 709 tecum
171 662 317 706 essenon
334 652 467 721 poteras.

118 732 169 792 lll.
192 729 298 790 Omnia
312 731 396 804 licet,
419 745 498 804 quae
515 744 659 804 umquam
673 726 795 802 ingenia
810 729 975 802 fulserunt,
997 730 1026 789 in
1040 738 1054 788 1

58 815 116 875 lroc
129 831 222 876 unum
237 815 440 887 consentiant,
464 829 629 887 numquam
645 812 719 873 satis
734 811 815 872 hanc
828 810 1028 873 humanarum

58 900 200 960 mentium
222 897 379 972 caliginem
401 897 600 958 mirabuntur:
623 895 750 971 praedia
770 913 828 958 sua
849 897 1029 971 occuparia

58 985 139 1044 nullo
152 983 305 1058 patiuntur
316 990 358 1054 et,
374 982 402 1041 si
412 982 523 1056 exigua
535 981 687 1042 contentio
700 988 748 1040 est
760 981 798 1040 dc
809 981 901 1040 modo
913 981 1027 1055 linium,

55 1068 97 1127 ad
117 1068 235 1143 lapides
256 1073 286 1127 et
307 1082 391 1126 arma
411 1066 599 1126 discurrunt:
622 1067 651 1124 in
671 1064 764 1125 vitam
783 1081 871 1125 suam
884 1066 1028 1125 incedere

57 1151 135 1212 alios
157 1151 274 1222 sinunt,
297 1151 387 1211 immo
407 1166 482 1210 vero
500 1150 560 1224 ipsi
575 1150 664 1210 etiam
680 1165 882 1226 possessores
898 1148 964 1210 eius
981 1150 1027 1210 lu·

58 1242 143 1295 turos
159 1236 312 1296 inducunt.
345 1250 434 1295 nemo
448 1235 614 1308 invenitur,
638 1233 691 1310 qui
704 1233 866 1308 pecuniam
881 1249 968 1293 suam
982 1233 1024 1292 di·
1041 1239 1043 1245 ’

58 1319 162 1379 videre
184 1320 270 1379 velit:
294 1319 385 1378 vitam
399 1319 613 1394 unusquisque
629 1335 720 1394 quarn
741 1318 840 1377 multis
856 1316 1029 1377 distribuit?

56 1402 193 1464 adstricti
204 1409 275 1462 sunt
285 1404 314 1461 in
324 1403 508 1463 continendo
522 1403 716 1477 patrimonio:
732 1402 820 1461 simul
832 1401 872 1461 ad
882 1401 1028 1460 iacturam

56 1488 203 1562 temporis
220 1494 342 1547 ventum
357 1493 418 1556 cst,
442 1486 688 1561 000100100110110
700 1502 754 1558 eo,
770 1484 960 1546 0010000100
972 1484 1027 1544 ho·

56 1578 146 1630 nesta
160 1570 286 1631 avaritia
297 1577 352 1630 est.
373 1569 461 1631 Libet
470 1571 573 1645 itaque
584 1587 623 1629 ex
635 1569 789 1630 seniorum
800 1569 888 1629 turba
899 1579 1056 1644 copprea

55 1654 192 1714 henderc
213 1654 358 1729 aliquem:
380 1655 581 1729 „pervenisse
600 1662 631 1715 te
645 1655 684 1713 ad
700 1653 835 1714 ultimum
851 1654 957 1713 aetatis
971 1652 1026 1713 hu-

55 1739 320 1798 manaevidemus.
342 1739 527 1800 centesimus
537 1739 591 1800 tibi
599 1738 647 1797 vel
656 1754 750 1813 supra
759 1738 1027 1813 premiturannus·

55 1822 202 1897 agedum,
230 1822 269 1882 ad
291 1823 537 1898 conputationem
557 1830 685 1883 aetatem
706 1831 787 1883 tuem
813 1838 936 1883 revoca.
968 1822 1027 1895 die,

57 1914 202 1982 quantum
217 1922 257 1966 ex
272 1907 330 1967 isto
342 1915 479 1980 tempore
491 1906 632 1980 creditor,
648 1914 791 1982 qnantum
803 1906 916 1979 amica,
932 1922 1028 1981 quan·

55 1999 118 2051 tum
138 2007 208 2065 rex,
232 1998 375 2066 quantum
391 1991 486 2050 cliens
501 1989 666 2052 abstulerit.
695 1997 841 2067 quantum
855 1989 893 2051 lis
908 1990 1026 2063 uxoria,

57 2083 200 2148 quantum
212 2091 371 2136 servorum
383 2075 535 2147 coercitio,
550 2082 693 2152 quantum
702 2075 842 2136 officiosa
854 2090 910 2150 per
920 2075 1028 2134 urbem

59 2159 252 2220 discursatio.
284 2160 373 2221 adice
386 2160 525 2233 morbos,
553 2176 632 2235 qnos
655 2176 747 2219 manu
769 2160 906 2219 fecimus.
940 2159 1028 2218 adice

57 2243 141 2319 quod
162 2252 193 2303 et
212 2245 278 2304 sinc
299 2261 358 2305 usu
374 2244 480 2305 iacuit:
503 2244 622 2304 videbis
637 2252 667 2304 te
683 2244 845 2318 pauciores
860 2259 959 2302 annos
973 2241 1027 2300 ha-

56 2327 130 2387 bere
151 2344 241 2401 quam
263 2345 414 2389 numeras.
455 2329 572 2403 Repete
592 2326 738 2388 memoria
758 2335 873 2400 tecum,
902 2325 1056 2401 quand03

56 2417 157 2469 certus
180 2411 428 2485 00001111100010,
460 2420 572 2486 quotus
596 2411 727 2486 quisque
748 2410 814 2470 dies
841 2418 873 2470 ut
894 2410 1026 2470 destina·

56 2509 147 2553 veras
166 2496 343 2570 recesserit,
364 2496 488 2572 quando
510 2495 561 2557 tibi
584 2512 658 2556 usus
673 2495 715 2556 tui
731 2495 834 2568 luerit,
857 2495 982 2569 quando
996 2493 1028 2552 in

56 2583 137 2638 statu
152 2593 208 2638 suo
224 2580 340 2653 voltus,
361 2582 485 2655 quando
501 2581 618 2640 animus
633 2579 818 2652 intrepidus,
842 2578 915 2653 quid
930 2576 981 2638 tibi
997 2577 1027 2636 in

56 2671 118 2722 tam
138 2661 231 2736 longo
252 2679 330 2723 aevo
352 2664 422 2724 lacti
438 2665 542 2738 operis
558 2665 610 2734 sit,
635 2679 726 2738 quam
741 2660 826 2723 multi
840 2663 932 2722 vitam
945 2670 1028 2722 tuam

56 2745 238 2821 diripuerint
251 2755 281 2807 te
296 2763 357 2807 non
372 2749 534 2823 sentiente,
550 2748 624 2822 quid
639 2748 801 2824 perderes,
819 2756 963 2820 quantum
975 2762 1028 2806 va·

56 2847 114 2888 nus
138 2830 241 2903 dolor,
264 2833 356 2891 stulta
376 2831 502 2903 laetitia,
526 2831 616 2892 avida
638 2830 805 2907 cupiditas,
827 2830 939 2892 blanda
954 2846 1027 2891 con-

56 2915 189 2975 versatio
204 2915 375 2989 abstulerit,
392 2932 482 2988 quam
494 2916 637 2990 exiguum
648 2915 701 2976 tibi
714 2916 753 2974 de
765 2923 816 2976 tuo
828 2916 963 2974 relictum
973 2915 1028 2974 sit=

56 2997 215 3074 intelleges
240 3007 270 3059 10
295 3000 474 3059 inmaturum
499 3000 607 3060 mori.“
653 2999 749 3073 Quid
778 3015 869 3073 ergo
900 3007 960 3058 est
990 2998 1056 3064 101

57 3090 200 3149 causat
221 3092 410 3158 tamquam
431 3098 584 3157 semper
599 3081 906 3143 victurivivitis.
944 3096 1029 3141 num·

57 3182 149 3241 quam
170 3167 259 3227 vobis
281 3167 427 3242 fragilitas
450 3174 554 3227 vestra
574 3167 732 3227 00000011.
768 3183 831 3227 000
846 3165 1027 3242 observatis,

57 3258 202 3324 quantum
217 3252 275 3311 iam
291 3251 437 3327 temporis
452 3251 612 3313 transierit.
636 3253 720 3313 velut
733 3267 771 3310 ex
786 3252 877 3324 pleno
891 3256 921 3310 et
932 3251 1026 3312 abun·
1111 3276 1114 3281 ·

57 3334 138 3395 danti
161 3335 304 3410 perditis,
330 3352 399 3396 cum
421 3334 539 3395 interim
561 3337 694 3395 sortasse
715 3336 765 3394 ille
784 3335 852 3408 ipse
870 3335 921 3408 qui
937 3333 1028 3396 alicui

56 3418 104 3477 vel
126 3419 241 3478 homini
260 3422 309 3480 vel
326 3419 371 3480 rei
386 3421 516 3480 donatur
530 3418 597 3480 dies
612 3419 734 3479 ultimus
754 3419 803 3478 sit.
832 3418 938 3479 Omnia
953 3427 1027 3478 tam·
1081 3440 1085 3451 ·

56 3518 149 3577 quam
164 3504 307 3564 mortales
322 3505 448 3578 11000110,
476 3505 576 3565 omnia
592 3510 744 3579 tamquam
762 3502 937 3564 inmortales
953 3517 1027 3562 con-
