2438 3968
205 243 247 306 14
262 243 389 306 DIALJ.
402 246 535 321 ounltlt
543 249 692 325 ALIQUA
703 249 936 312 lucomnoun
945 250 1060 313 Bottts
1071 253 1184 313 VIRIS

201 397 244 456 de
258 404 373 457 nostro.
401 397 480 470 Quid
499 405 549 457 est
569 397 640 456 boni
654 397 732 456 viril
749 397 899 473 praebere
914 413 948 458 se
964 398 1034 458 lato.
1061 400 1185 471 grande

203 479 345 540 solatium
364 488 412 540 est
432 497 500 541 cum
520 479 665 541 universo
681 480 757 555 rapi.
786 479 931 556 quicquid
953 488 1000 541 est
1021 482 1105 556 quod
1120 499 1184 543 uos

202 563 248 623 sic
259 564 377 637 vivere,
395 565 440 624 sio
455 565 531 624 mori
545 564 649 638 iussit,
669 564 777 623 eadem
791 564 973 625 necessitate
988 573 1018 624 et
1031 565 1108 626 deos
1124 567 1182 626 ad-

201 646 282 720 ligat
303 646 516 708 inrevocabilis
529 648 661 707 hnmana
674 648 787 722 pariter
800 663 837 708 ac
848 648 951 708 diuina
962 663 1073 709 cursus
1084 649 1181 711 vehit

199 729 250 789 ille
270 730 339 807 ipse
360 732 493 792 omnium
512 732 652 792 conditor
667 738 696 790 et
714 741 814 791 rector
828 732 952 806 scripsit
966 732 1089 808 quidam
1105 733 1180 808 lata,

172 814 257 880 used
272 815 419 891 sequitur.
441 831 564 890 semper
577 822 677 890 paret,
699 815 794 875 semel
814 815 911 875 iussit.
938 817 1059 890 „Quare
1074 823 1179 879 tamen

197 897 354 960 densium
372 899 497 973 iniquus
515 897 549 958 in
564 899 775 961 distributione
790 898 841 958 lati
858 899 926 971 luit,
949 906 982 959 ut
996 899 1085 959 bonis
1102 899 1180 962 viris

199 988 410 1061 paupertatem
425 988 460 1040 et
480 983 606 1042 volnera
623 989 655 1041 et
680 982 793 1042 acerba
813 983 921 1041 lunera
940 981 1180 1044 connibentia

196 1063 263 1124 Non
276 1073 378 1140 potest
386 1065 494 1125 artilex
505 1073 621 1126 mutare
633 1064 801 1125 materiam=
817 1064 875 1126 hoc
891 1083 984 1141 passa
995 1073 1051 1126 est.
1079 1084 1179 1142 quae-

195 1147 267 1207 dam
284 1148 420 1224 separari
434 1166 453 1209 a
468 1149 650 1225 quibusdam
664 1166 725 1210 non
741 1157 885 1224 possunt,
902 1150 1079 1222 cohaerent,
1095 1151 1178 1210 indi-

198 1229 291 1291 vidua
310 1240 396 1293 suntr
417 1232 560 1307 languida
579 1233 700 1307 ingenia
720 1239 750 1292 el
768 1231 799 1293 in
814 1249 952 1294 somnum
974 1233 1052 1293 itura
1070 1242 1123 1295 aut
1145 1236 1178 1296 in

197 1313 329 1388 vigiliam
345 1332 456 1377 somno
476 1316 656 1377 simillimam
670 1316 816 1376 inertibus
831 1324 991 1377 nectuntur
1005 1318 1177 1378 clementis.

196 1405 229 1457 ut
243 1398 392 1461 efficiatur
401 1399 448 1460 vir
460 1416 529 1462 cum
543 1416 617 1462 cora
631 1401 789 1472 dicendus,
805 1400 928 1461 lortiore
942 1402 1003 1461 lato
1020 1418 1098 1476 opus
1114 1410 1176 1463 est.

196 1498 257 1544 non
271 1485 328 1545 erit
341 1485 383 1544 illi
393 1485 519 1560 ¹planum
532 1483 599 1544 iter.
627 1501 749 1545 sursum
769 1491 888 1559 oportet
902 1500 938 1544 ac
953 1485 1096 1545 deorsum
1110 1494 1175 1560 eat,

196 1565 358 1630 fluctuetur
371 1583 409 1628 ac
423 1567 576 1644 navigium
591 1570 621 1629 in
637 1568 757 1631 turbido
773 1575 867 1643 regat
901 1576 1006 1629 contra
1020 1569 1177 1631 ronanam

191 1649 236 1710 illi
251 1653 400 1714 tenendus
416 1660 463 1713 est
477 1669 595 1714 cursus.
613 1656 706 1713 multa
720 1653 859 1713 accident
874 1653 959 1725 dura,
974 1667 1095 1728 aspera,
1114 1655 1177 1714 sed

196 1750 276 1807 quae
291 1735 405 1796 molliat
419 1744 449 1796 et
462 1739 625 1811 conplanet
639 1737 717 1813 ipsc.
745 1736 827 1812 Ignis
847 1752 955 1796 aurum
975 1736 1099 1810 probat,
1116 1737 1175 1797 mi-

155 1818 276 1878 toseria
294 1818 388 1879 fortes
407 1819 500 1878 viros.
528 1820 608 1879 Vide
624 1835 715 1894 quam
729 1822 787 1880 alte
801 1820 969 1880 escendere
984 1819 1094 1879 debeat
1110 1820 1173 1880 vir·

195 1905 259 1959 tus:
274 1900 355 1961 scies
369 1903 412 1962 illi
426 1919 486 1963 non
502 1917 559 1976 per
573 1919 682 1962 secura
695 1903 878 1963 vadendum.

278 1985 385 2045 Ardua
398 1989 500 2061 prim
513 1989 561 2046 via
575 1998 617 2046 est
629 1994 659 2046 et
670 2002 759 2060 quam
772 1989 824 2046 rin
837 2003 925 2047 mane
938 1994 1068 2047 recentes

275 2071 426 2129 enituntur
436 2073 512 2144 eqni.
531 2071 627 2130 medab
639 2077 682 2130 est
695 2072 835 2130 ditissima
849 2075 941 2142 coeto,

276 2153 355 2212 unde
368 2169 452 2214 mare
460 2160 494 2213 et
506 2162 604 2213 terras
616 2156 676 2229 ipsi
686 2155 760 2213 mibi
772 2171 862 2229 saepe
875 2156 975 2215 ridere

274 2238 313 2295 sit
325 2238 410 2297 timor
423 2245 451 2297 et
461 2238 574 2312 parido
589 2239 716 2313 trepidet
724 2236 887 2310 formidine
895 2244 1008 2313 pectus.

278 2319 384 2380 Ultima
393 2337 494 2395 prona
506 2323 555 2381 via
567 2329 611 2381 est
622 2329 652 2381 et
663 2331 728 2396 epet
740 2323 939 2382 moderamine
951 2328 1038 2381 certo.

273 2410 344 2464 tune
356 2407 444 2465 edam
458 2422 535 2479 puae
549 2421 595 2465 me
607 2407 740 2466 subiectis
754 2408 867 2481 excipit
878 2407 979 2477 undis,

273 2505 312 2548 ne
322 2487 412 2561 feror
426 2492 457 2549 in
465 2505 628 2564 praeceps,
648 2489 753 2565 Tethys
764 2493 835 2549 solet
847 2493 907 2549 ima
921 2492 1026 2549 vereri.

150 2568 364 2631 ruiturarum
386 2573 523 2632 audisset
543 2572 593 2632 illo
617 2588 788 2647 generosus
810 2573 1006 2632 adulescens:
1028 2573 1169 2650 „placet

189 2650 299 2727 inquit,
317 2653 383 2713 viar
404 2656 549 2716 escendo.
578 2664 625 2717 est
639 2657 711 2717 tanti
727 2671 783 2731 per
796 2656 855 2716 ista
868 2656 914 2715 ire
929 2661 1071 2716 casuro.“
1097 2655 1166 2718 Nou

188 2734 300 2796 desiuit
313 2754 414 2799 acrem
431 2740 563 2800 animum
578 2746 660 2801 metu
673 2737 824 2801 territare:

272 2826 359 2896 amne
374 2824 452 2883 eiam
468 2831 567 2884 teneas
579 2826 715 2899 nulloque
730 2840 833 2885 errore
848 2824 995 2895 babens,

265 2921 326 2979 per
338 2912 436 2967 temen
449 2908 729 2983 adversiprddieris
744 2923 857 2968 cornua
872 2909 954 2967 tueri

269 2987 501 3066 Haemoniosque
516 3007 606 3051 armes
618 2993 792 3065 violentique
804 3006 860 3050 orn
872 2991 973 3050 leonis.

185 3068 260 3130 Post
273 3070 349 3131 haec
363 3073 417 3133 ait:
439 3074 559 3148 „Innpe
571 3075 658 3136 datos
672 3091 790 3135 currus.
817 3073 865 3133 his
887 3073 998 3148 quibus
1015 3071 1164 3133 deterreri

186 3168 235 3212 me
255 3163 360 3230 putas,
382 3155 498 3217 incitor.
526 3157 599 3218 libet
616 3157 677 3217 illic
696 3163 777 3217 stare
799 3156 849 3216 ubi
863 3155 932 3231 ipse
948 3155 1003 3216 Sol
1019 3155 1162 3229 trepidat.

186 3235 306 3298 humilis
321 3245 351 3297 et
366 3237 470 3300 inertis
485 3245 534 3300 est
546 3247 609 3301 tuta
624 3239 748 3300 sectari:
764 3241 893 3314 peralta
906 3239 1002 3300 virtus
1017 3239 1069 3299 it.“

155 3326 172 3379 1
246 3321 296 3379 Vl.
318 3320 436 3395 „Quare
451 3331 549 3384 tamen
561 3322 650 3383 bonis
661 3322 735 3384 viris
747 3322 858 3399 patitur
867 3323 983 3398 aliquid
998 3323 1068 3382 mali
1081 3322 1161 3383 deus

185 3402 291 3463 fierit“
311 3405 364 3464 llle
378 3421 452 3466 vero
467 3423 528 3467 uon
543 3407 663 3482 patitur.
683 3407 786 3467 omnia
800 3407 879 3467 mala
893 3408 931 3468 ab
946 3407 1006 3466 illis
1012 3406 1159 3482 remouit,

186 3490 302 3549 seelera
321 3496 352 3549 ct
371 3487 487 3564 flagitia
505 3497 537 3552 et
549 3489 748 3567 cogitationes
763 3491 918 3567 improbas
933 3498 963 3551 et
978 3489 1068 3550 arida
1082 3504 1155 3550 cou-

127 3682 281 3750 A

1210 3616 1217 3773 l
