2438 3968
271 264 324 322 AD
341 262 525 322 SERENUM
545 260 596 321 ol:
612 261 708 322 ΟΤΙΟ.
740 271 822 324 1-3.
976 261 1037 324 165

57 434 126 478 sum
148 426 209 488 est,
237 425 283 486 ut,
314 416 411 475 sires
434 415 557 490 patitur,
586 431 646 473 non
669 414 708 473 sit
728 415 797 488 ipsa
820 430 903 474 mors
926 416 1034 479 otiosa.
1066 411 1069 415 ’

58 502 135 576 Quid
153 500 241 560 nobis
256 500 381 575 Epicuri
397 507 560 574 praecepta
581 498 611 557 in
631 497 708 571 ipsis
721 497 855 557 Zenonis
878 500 1034 574 principiis

57 586 215 660 loqueris?
242 585 314 658 quin
329 591 361 643 tu
375 583 455 641 bene
469 581 620 657 gnaviter,
637 583 663 640 si
679 581 808 655 partium
822 583 919 656 piget,
937 591 1044 644 trans·¹

57 669 138 742 iugis
162 668 263 742 potius
285 666 551 742 quamprodisr“
582 666 648 725 Hoc
670 666 723 725 tibi
743 667 773 724 in
795 668 969 739 praesentia
987 675 1063 727 reo

58 753 234 827 spondebo:
263 750 411 826 numquid
432 753 478 810 vis
501 749 645 823 amplius,
673 766 764 824 quam
785 755 818 809 ut
838 765 886 808 me
907 749 1033 810 similem

58 836 187 895 ducibus
208 836 284 894 meis
306 840 478 910 praestem?
506 833 583 906 Quid
604 849 677 906 ergo
693 841 760 894 est?
787 849 848 893 non
865 851 926 908 quo
943 834 1033 894 mise·

57 920 117 979 rint
133 936 181 978 me
195 919 246 991 illi,
263 919 319 978 sed
336 934 397 993 quo
413 918 561 990 duxerint,
576 916 637 976 ibo.

120 1003 156 1061 ΙΙ.
180 1005 247 1080 [ab]
262 1003 349 1062 Nunc
365 1002 502 1077 probabo
519 1002 570 1061 tibi
585 1017 645 1061 non
660 1003 836 1062 desciscere
851 1017 899 1062 me
915 1018 933 1059 a
947 1013 1062 1076 prae-t

59 1087 157 1162 ceptis
179 1086 367 1156 Stoicorum;
399 1103 468 1145 nam
491 1101 529 1144 ne
547 1085 607 1160 ipsi
628 1086 750 1160 quidem
771 1104 789 1146 a
809 1086 874 1147 suis
896 1086 1035 1145 deseive

57 1178 142 1245 runt,
161 1179 304 1231 ettamen
320 1170 573 1230 excusatissimus
589 1185 705 1243 essem,
727 1171 933 1231 etiamsinon
949 1182 1035 1244 prae

59 1265 148 1332 cepta
162 1256 280 1314 illorum
295 1269 456 1329 sequerer,
479 1254 535 1311 sed
550 1255 700 1328 exempla.
728 1255 808 1314 Hoc
828 1255 929 1328 quod
947 1252 1035 1312 dico

58 1340 207 1399 induas
226 1338 395 1398 dividam
412 1343 557 1412 partes:
579 1336 750 1411 primum,
766 1335 1034 1412 utpossitali-

60 1423 147 1498 quis
175 1424 233 1481 vel
258 1440 277 1481 a
298 1423 418 1497 prima
438 1427 564 1480 aetate
585 1421 912 1495 contemplationi
933 1419 1034 1479 veri·

59 1507 155 1566 tatis
170 1514 287 1566 totum
303 1521 343 1564 se
358 1505 528 1577 tradere,
544 1505 730 1563 rationem
748 1505 904 1564 vivendi
921 1517 1035 1580 quae·

59 1605 147 1649 rere
164 1598 278 1662 atque
299 1602 487 1648 exercere
511 1594 674 1647 secreto.
704 1589 862 1660 deinde,
887 1597 925 1649 ut
945 1601 1064 1664 pos-2

60 1672 202 1732 sithoc
224 1672 370 1748 aliquis
392 1671 567 1730 emeritis
592 1670 662 1731 iam
687 1673 919 1747 stipendiis,
945 1685 1034 1748 pro-

62 1757 228 1830 fligatae
249 1757 393 1815 aetatis
410 1757 491 1814 iure
506 1755 649 1829 optimo
670 1758 803 1817 lacere
818 1758 914 1817 etad
934 1757 1034 1817 alios

64 1848 176 1900 actus
207 1842 354 1900 animos
385 1840 535 1898 referre
566 1839 714 1913 virginum
744 1841 915 1901 Vestalium
939 1851 1034 1909 more,

61 1940 140 1999 quae
165 1924 252 1984 annis
274 1925 351 1983 inter
372 1923 475 1983 officia
497 1923 603 1982 divisis
625 1923 746 1984 discunt
769 1926 872 1984 iacere
893 1940 983 1984 saera
1007 1929 1037 1982 et

60 2023 129 2067 cum
144 2008 315 2068 didicerunt
326 2008 446 2067 docent.

123 2092 172 2150 lll.
196 2097 262 2164 [tto]
282 2094 348 2152 Hoc
363 2090 473 2152 Stoicis
489 2108 614 2166 quoque
635 2092 756 2166 placere
776 2093 952 2164 ostendam,
974 2109 1063 2162 non1

62 2175 133 2251 quia
144 2177 214 2235 milri
226 2178 324 2249 legem
336 2175 462 2235 dixerim
474 2175 546 2234 nihil
557 2176 784 2235 contradictum
796 2175 927 2236 Zenonis
941 2176 1037 2254 Chry-

60 2262 181 2336 sippive
202 2261 401 2331 committere,
428 2259 484 2318 sed
506 2260 578 2334 quia
598 2275 649 2319 res
671 2260 738 2334 ipsa
755 2261 866 2333 patitur
885 2276 934 2319 me
947 2260 991 2320 ire
1005 2260 1035 2320 in

60 2346 180 2404 illorum
195 2344 388 2417 sententiam,
411 2359 502 2417 quam
519 2342 630 2417 siquis
646 2358 769 2417 semper
783 2342 872 2403 unius
888 2345 1034 2418 sequitur,

61 2445 122 2488 uon
144 2426 174 2486 iu
193 2428 277 2487 curia
292 2433 366 2500 [cst]
390 2427 496 2487 sedin
519 2427 662 2487 factiosis.
691 2425 810 2486 Utinam
834 2427 957 2501 quidem
976 2426 1035 2486 iam

60 2517 234 2573 tenerentur
260 2510 361 2570 omnia
385 2518 415 2570 et
434 2511 572 2585 inoperta
593 2526 629 2570 ac
650 2511 794 2569 consessa
816 2509 927 2570 veritas
953 2519 1037 2570 esset

61 2595 197 2668 nihilque
217 2610 255 2653 ex
273 2593 403 2655 decretis
418 2600 619 2654 mutaremus!
640 2609 721 2653 nunc
736 2593 892 2654 veritatem
907 2594 1034 2654 cumeis

62 2678 140 2753 ipsis
157 2679 208 2752 qui
229 2678 340 2736 docent
361 2678 545 2752 quaerimus.
573 2680 659 2738 Duae
679 2675 809 2738 maxime
829 2684 859 2737 et
879 2678 908 2737 in
929 2678 988 2738 hac
1001 2689 1065 2741 rea

61 2762 213 2823 dissident
227 2768 343 2832 sectae,
358 2761 577 2836 Epicureorum
592 2769 621 2822 et
635 2760 821 2835 Stoicorum,
837 2761 894 2821 sed
907 2771 1036 2838 utraque

60 2846 210 2907 adolium
230 2847 354 2905 diversa
375 2845 423 2903 via
439 2846 533 2905 mittit.
560 2846 712 2920 Epicums
733 2845 788 2904 aie
811 2846 896 2918 „Non
911 2846 1038 2906 accedet

62 2932 101 2990 ad
115 2929 334 3005 rempublicam
349 2927 483 3003 sapienS,
499 2929 595 2988 nisisi
609 2929 681 3004 quid
693 2928 917 2989 intervenerit.“
931 2929 1037 2990 Zenon

61 3015 119 3074 ait:
137 3013 292 3087 „Accedet
310 3014 350 3072 ad
370 3013 602 3086 rempublicam,
624 3013 729 3074 nisisi
750 3013 823 3088 quid
845 3013 1037 3089 inpedierit.“

61 3098 147 3158 Alter
171 3099 262 3158 otium
288 3112 328 3155 ex
352 3096 512 3171 proposito
535 3097 622 3170 petit,
652 3098 728 3157 alter
747 3113 786 3156 ex
807 3112 909 3158 causa.
943 3100 1066 3158 caused

61 3189 162 3242 autem
183 3183 235 3241 illa
254 3183 313 3240 late
335 3188 430 3256 patet:
452 3179 479 3241 si
500 3181 675 3254 respublica
690 3179 861 3256 corruptior
883 3188 930 3242 est
945 3197 1035 3255 quam

61 3275 95 3326 ut
120 3265 256 3326 adiuvari
284 3265 396 3340 possit,
423 3266 448 3325 si
474 3272 623 3338 occupata
648 3272 696 3324 est
715 3265 818 3338 malis,
845 3282 906 3326 non
927 3266 1037 3327 nitetur

62 3350 189 3426 sapiens
209 3351 239 3409 in
260 3366 486 3424 supervacuum
506 3363 564 3407 nee
584 3364 619 3407 se
640 3348 712 3408 nilril
733 3349 908 3424 profuturus
928 3349 1035 3425 inpen-

62 3435 128 3508 det,
154 3432 181 3493 si
203 3450 308 3507 parum
329 3433 454 3493 habebit
473 3431 658 3492 auctoritatis
679 3439 730 3492 aut
750 3433 857 3493 virium
878 3449 935 3494 uec
955 3435 1036 3493 illum

63 3519 119 3578 erit
144 3515 318 3577 admissura
341 3517 530 3592 respublica,
561 3515 587 3576 si
617 3517 748 3576 valitudo
779 3518 862 3578 illum
892 3517 1038 3594 inpediet
