2438 3968
195 230 254 294 158
370 229 405 289 L.
426 230 572 290 ANNAEl
594 229 768 289 SENECAE
790 230 890 291 atat.
912 231 977 290 vti.

165 400 181 454 3
197 383 328 459 Sapiens
342 382 456 441 nullam
471 381 628 440 denarium
642 380 719 441 intra
733 381 822 440 limen
837 397 925 441 suum
936 382 1074 444 admittet
1086 387 1165 444 male

194 472 362 530 intrantem.
385 465 463 524 idem
482 480 608 539 magnas
624 479 709 538 opes,
730 480 839 524 munus
862 465 999 526 fortunae
1021 468 1164 528 iruetunr-

195 566 256 630 que
272 549 398 622 virtutis,
419 564 479 608 non
495 545 668 624 repudiabit
680 562 737 606 nee
752 549 903 608 excludet
925 549 1003 624 Quid
1024 551 1103 611 enim
1117 560 1166 613 est

196 649 290 713 quare
305 633 456 694 illisbono
477 634 545 692 locu
562 632 713 692 invideat?
731 633 861 706 veniant,
882 634 1081 708 hospitentur.
1107 651 1166 696 nec

194 717 315 781 iactabit
329 718 395 778 illas
414 732 472 776 nee
493 716 674 775 abscondet:
698 717 823 776 alterum
843 717 975 777 infruniti
998 719 1089 779 animi
1108 727 1164 795 est,

195 806 319 864 alterum
334 800 428 863 timidi
439 806 472 859 et
480 799 582 874 pusilli
601 800 683 858 velut
699 814 840 874 magnum
852 800 964 861 bonum
976 801 1053 863 intra
1065 804 1164 863 sinunr

163 885 386 954 econtinentis.
416 898 482 957 nec,
498 891 530 943 ut
545 883 618 943 dixi.
636 883 726 943 eiciet
738 883 805 942 illas
821 899 839 942 e
860 885 960 945 domo.
991 888 1065 961 quid
1086 889 1166 946 enim

194 972 296 1033 dicet?
317 977 456 1030 utrumne
475 968 621 1041 „inutiles
642 967 715 1026 estis
724 972 741 999 “
756 983 793 1025 an
818 983 902 1042 „ego
924 970 965 1028 uti
983 971 1096 1031 divitiis
1113 986 1166 1030 ne·

195 1056 307 1116 sciol“
336 1051 596 1127 Quemadmodum
621 1049 711 1110 etiam
732 1050 862 1125 pedibus
887 1053 951 1112 suis
973 1055 1085 1129 poterit
1111 1055 1167 1116 iter

195 1138 355 1211 conficere,
378 1135 543 1196 escendere
558 1142 657 1194 tamen
674 1134 844 1195 vehiculum
857 1137 961 1198 malet:
978 1137 1022 1198 sic
1039 1154 1165 1214 pauper,

195 1223 221 1284 si
237 1221 367 1298 potuerit
381 1234 452 1279 esse
466 1219 562 1293 dives,
583 1219 673 1291 volet,
690 1225 720 1278 et
733 1217 857 1279 habebit
876 1221 979 1296 itaque
1001 1237 1088 1297 opes,
1109 1223 1166 1282 sed

194 1315 347 1379 tamquam
363 1305 447 1363 leves
463 1309 492 1362 et
512 1303 695 1362 avolaturus.
728 1317 784 1361 nee
798 1303 850 1362 ulli
871 1305 919 1363 alii
942 1320 998 1364 nee
1019 1305 1079 1365 sibi
1099 1323 1166 1381 gra-

167 1394 250 1452 5ves
263 1404 334 1449 esse
348 1388 483 1464 patietur.
506 1386 604 1459 Quid?
619 1384 763 1446 donabit?
777 1389 898 1464 [ereda]
912 1388 1053 1450 erexistis
1065 1407 1166 1450 aures.

195 1475 270 1551 quid
286 1473 436 1548 expeditis
452 1471 571 1531 sinum?
590 1469 716 1530 donabit
726 1477 777 1530 aut
793 1470 882 1532 bonis
896 1473 1014 1548 auleis,
1029 1490 1108 1548 quas
1123 1475 1136 1533 l
1153 1505 1166 1516 -

196 1575 265 1619 cere
282 1557 391 1633 poterit
404 1557 514 1617 bonos.
545 1555 670 1615 donabit
684 1570 751 1614 eum
767 1571 884 1614 summo
900 1557 1027 1617 consilio
1051 1558 1166 1632 dignis·

195 1643 290 1703 simos
306 1641 430 1714 eligens,
452 1647 485 1700 ut
505 1638 557 1714 qui
579 1640 746 1698 meminerit
767 1646 827 1698 tam
848 1655 1054 1714 expensorum
1076 1658 1165 1717 quam

195 1731 390 1800 acceptorum
404 1724 550 1783 rationem
572 1737 642 1781 esse
656 1723 852 1782 reddendam.
878 1725 1002 1785 donabit
1023 1741 1063 1784 ex
1084 1733 1167 1786 reeta

195 1817 226 1868 et
242 1807 391 1884 probabili
404 1823 507 1867 causa
529 1823 597 1864 nam
613 1806 690 1865 inter
711 1812 815 1881 turpes
830 1808 961 1868 iacturas
975 1811 1087 1869 malum
1102 1827 1166 1868 mu-

196 1908 254 1951 nus
269 1897 329 1950 est:
351 1890 474 1949 habebit
488 1890 587 1949 sinum
610 1889 737 1963 facilem,
758 1906 818 1950 nun
836 1893 1028 1967 periuratum,
1049 1910 1166 1968 exque

196 1976 289 2035 multa
302 1981 412 2033 exeant
427 1980 457 2032 et
471 1973 543 2032 nihil
558 1973 687 2033 excidat.

166 2070 180 2120 t
279 2057 383 2117 XXIV.
406 2056 531 2129 Errat,
554 2056 586 2115 sl
608 2057 1166 2128 quisexistimatlacilemrem

196 2157 285 2203 esse
300 2142 461 2201 donare:
484 2139 642 2215 plurimum
665 2142 723 2200 ista
737 2158 787 2202 res
802 2142 894 2202 habet
913 2144 1115 2214 difficultatis,
1140 2143 1166 2203 si

195 2226 287 2288 inodo
310 2224 438 2286 consilia
460 2221 611 2296 tribuitur,
641 2240 699 2283 non
724 2242 799 2286 casu
822 2234 852 2285 et
879 2227 981 2301 inpetu
1003 2228 1166 2302 spargitur.

195 2312 282 2371 Hune
297 2324 481 2385 promereor,
504 2309 545 2369 illi
559 2308 666 2369 reddo.
694 2309 763 2370 huie
784 2325 950 2385 succurro,
971 2311 1061 2372 huius
1077 2312 1165 2371 mise·

195 2411 274 2456 reor.
307 2395 389 2454 illum
405 2393 521 2453 instruo
537 2393 658 2468 dignum
676 2410 766 2468 quem
782 2411 841 2455 non
858 2395 988 2456 deducat
999 2404 1165 2470 paupertas

195 2494 253 2542 nec
267 2483 447 2555 occupatum
463 2484 571 2537 teneat.
588 2476 771 2551 quibasdam
785 2495 844 2539 non
858 2478 947 2552 dabo,
961 2481 1101 2555 quamvis
1114 2481 1165 2539 de·

196 2563 249 2636 sit,
275 2562 360 2638 quia,
390 2560 507 2622 etiamsi
528 2562 657 2634 dedero,
687 2560 743 2621 erit
769 2563 946 2623 delaturum.
982 2563 1165 2638 quibusdam

196 2645 331 2719 offeram,
347 2645 527 2720 quibusdam
543 2645 631 2705 etlam
646 2645 817 2707 inculcabo.
841 2663 901 2706 non
917 2663 1044 2721 possum
1061 2647 1091 2707 in
1107 2647 1164 2706 hae

196 2745 230 2788 re
245 2745 315 2789 esse
329 2731 502 2803 neglegens.
532 2744 695 2804 numquam
710 2730 807 2805 magis
823 2731 944 2790 nomina
961 2730 1050 2803 facio,
1074 2746 1164 2806 quarn

170 2825 267 2877 acum
283 2813 373 2872 dono.
402 2811 521 2886 „Quina
533 2819 573 2885 tu,
590 2812 701 2888 inquis,
717 2822 897 2889 recepturus
914 2815 1052 2875 donas2“
1074 2816 1164 2874 imma

196 2913 257 2957 non
273 2896 462 2972 perdituruse
483 2911 519 2954 eo
535 2897 602 2956 loco
618 2897 658 2956 sit
672 2897 804 2972 donatio,
823 2900 904 2957 unde
918 2899 1014 2974 repeti
1035 2914 1096 2959 non
1113 2898 1165 2957 de·

196 2982 274 3056 beat,
297 2980 384 3040 reddi
406 2980 513 3055 possit.
545 2980 726 3041 beneficium
750 2983 938 3055 conlocetur,
966 2982 1163 3058 quernadmo·

197 3067 267 3127 dum
283 3067 444 3126 thesaurus
460 3065 519 3124 alte
534 3064 668 3138 obrutus,
687 3081 776 3141 quem
790 3082 851 3126 non
873 3082 977 3138 eruas,
998 3064 1058 3126 nisi
1078 3066 1166 3127 luerit

168 3162 334 3214 enecasse.
362 3147 459 3222 ertde
473 3148 581 3207 domus
594 3147 662 3222 ipsa
677 3149 777 3209 divitis
789 3149 844 3209 viri
858 3157 1000 3225 quantam
1012 3150 1103 3211 habet
1113 3150 1165 3210 be·

196 3232 366 3292 nelaeiendl
380 3232 560 3294 materiam?
591 3231 663 3306 Quis
679 3232 758 3292 enim
772 3233 978 3293 liberalitatem
993 3241 1109 3296 tantum
1125 3232 1164 3292 ad

196 3322 315 3390 togatos
330 3322 440 3375 vocata
465 3314 637 3377 hominibus
659 3318 809 3392 prodesse
829 3325 936 3378 natura
955 3335 1000 3380 me
1019 3318 1110 3390 iubet,
1135 3324 1164 3377 et

197 3400 278 3460 servi
293 3397 419 3459 liberine
434 3399 494 3460 sint
507 3400 548 3474 hi,
563 3400 684 3476 ingenui
700 3418 737 3461 an
754 3400 890 3475 libertini,
906 3405 1004 3464 iustae
1018 3401 1163 3462 libertatis

197 3501 236 3545 an
251 3483 328 3544 inter
342 3482 458 3543 anricus
474 3484 569 3554 datae,
593 3485 664 3561 quid
678 3486 790 3546 reiecti
803 3483 987 3561 ubicumque
1000 3486 1092 3547 lromo
1108 3492 1165 3559 est,
