2438 3968
189 253 252 314 176
370 253 404 312 L.
426 252 572 312 ANNAEI
597 250 772 312 SENECAE
796 253 898 312 DIAL.
916 252 966 310 IX.

188 406 277 482 ipsos
292 404 405 463 babere
426 403 508 478 quod
526 409 624 476 agam,
645 409 675 461 et
689 401 797 461 alienis
811 401 1006 463 incrementis
1022 401 1166 464 inimicis·

187 489 266 550 sima
279 487 404 548 invidia.
436 486 488 546 alit
508 487 586 545 enim
609 484 737 545 livorem
758 485 864 545 infelix
883 485 991 546 inertia
1010 495 1041 547 ot
1060 503 1168 548 omnes

148 579 176 629 tl
187 573 303 634 destrui
319 572 455 646 cupiunt,
479 569 600 645 quisse
616 585 675 628 non
696 576 823 644 potuere
837 569 1020 644 provehere.
1049 586 1090 630 ex
1112 571 1169 631 bac

187 656 297 717 deinde
319 653 513 715 aversatione
533 653 701 712 alienorum
714 669 916 728 processuum
931 661 962 713 et
975 668 1101 714 suorum
1117 656 1169 714 de·

186 741 363 816 speratione
379 737 558 798 obirascens
573 739 712 798 fortunae
732 738 851 797 animus
868 744 897 797 et
912 738 951 797 de
964 740 1070 798 seculo
1095 755 1169 813 que-

185 841 258 886 rens
273 831 303 883 et
316 824 347 883 in
362 823 494 896 angulos
511 836 546 881 se
559 819 719 880 retrahens
735 829 764 881 et
781 837 902 894 poenae
916 821 1067 882 incubans
1083 839 1169 896 suae,

187 909 259 968 dum
273 909 358 968 illum
370 905 474 967 taedet
488 906 535 965 sui
548 906 701 981 pigetque.
727 913 835 965 natura
847 905 926 964 enim
938 905 1091 966 humanus
1106 907 1169 964 ani-

192 1009 259 1053 mus
276 990 366 1067 agilis
379 995 470 1049 estet
483 1005 600 1063 pronus
614 989 653 1048 ad
668 996 779 1049 motus.
809 996 894 1063 grata
910 990 1008 1051 omnis
1028 990 1069 1049 illi
1088 992 1169 1048 exci-

187 1074 274 1135 tandi
290 1090 324 1134 se
336 1073 596 1148 abstrahendique
607 1071 733 1133 materia
747 1081 802 1144 est
818 1072 933 1148 gratior
944 1073 1090 1148 possimis
1103 1073 1169 1148 qui-

186 1159 309 1235 busque
323 1156 463 1232 ingeniis,
480 1173 559 1231 quae
575 1157 825 1232 occupationibus
840 1157 969 1219 libenter
983 1157 1169 1230 deteruntur,

186 1251 221 1304 ul
234 1244 338 1302 ulcera
350 1241 500 1317 quaedam
511 1242 666 1301 nocituras
678 1257 786 1300 manus
797 1242 944 1315 adpetunt
958 1249 988 1302 el
997 1247 1080 1302 motu
1095 1257 1170 1315 gau·

188 1328 261 1388 dent
275 1333 305 1387 et
320 1327 443 1387 foedam
456 1341 619 1400 oorpomm
633 1325 766 1385 scabiem
780 1325 918 1398 delectat,
935 1325 1082 1399 quicquid
1098 1341 1169 1384 exa·

147 1419 309 1486 lesperat=
333 1427 394 1471 non
410 1408 497 1469 aliter
512 1409 641 1469 dixerim
656 1409 704 1467 his
719 1409 880 1483 mentibus
895 1409 925 1468 in
948 1425 1026 1485 quas
1051 1409 1168 1483 cupidi·

188 1503 267 1556 tates
282 1495 365 1554 velut
376 1496 456 1553 mala
473 1493 576 1553 ulcera
588 1500 761 1568 eruperunt„
785 1493 932 1567 voluptati
944 1509 1016 1553 esse
1030 1493 1168 1553 laborem

170 1577 456 1653 vexationemque.
486 1584 557 1638 sunt
578 1576 658 1636 enim
675 1578 834 1652 quaedam,
852 1593 932 1651 quae
953 1593 1069 1651 corpus
1091 1594 1169 1652 quo·

190 1679 250 1738 que
265 1670 401 1722 nostrum
415 1677 483 1721 oum
496 1661 631 1734 quodam
646 1661 753 1721 dolore
768 1661 928 1735 delectent,
943 1667 977 1720 ut
990 1677 1118 1721 versare
1134 1676 1169 1720 sc

189 1754 220 1805 et
233 1752 350 1805 mutare
366 1746 502 1806 nondum
520 1746 635 1805 lassum
651 1745 740 1817 latus,
756 1745 859 1805 etalio
874 1753 967 1819 atque
988 1745 1048 1804 ulio
1065 1745 1168 1818 positu

188 1829 338 1889 ventilari.
369 1828 468 1905 qualis
488 1828 538 1887 ille
551 1827 732 1888 Homericus
747 1827 882 1889 Achilles
904 1837 961 1901 est,
981 1828 1075 1889 modo
1098 1845 1168 1902 pro-

190 1928 258 1986 nus,
273 1913 365 1972 modo
382 1912 522 1988 supinus,
542 1912 573 1970 in
588 1912 691 1971 varios
705 1911 826 1972 habitus
842 1929 877 1972 se
891 1912 960 1987 ipso
975 1928 1167 1987 componens,

191 1997 276 2072 quod
291 1996 447 2070 proprium
469 1996 551 2068 aegri
573 2003 628 2068 est
651 1996 723 2055 nihil
745 1996 798 2056 diu
818 1995 881 2070 pati
901 2004 931 2056 et
951 1996 1168 2057 mutationibus

150 2084 223 2141 illut
235 2081 380 2140 remediis
395 2079 447 2139 uti
476 2079 550 2138 Inde
567 2080 828 2154 peregrinationes
844 2081 1054 2156 suscipiuntur
1070 2095 1168 2154 vagae

190 2172 221 2225 el
233 2164 323 2226 litora
336 2170 531 2239 pererrantur
545 2172 575 2224 et
589 2165 680 2223 modo
695 2164 770 2223 mari
784 2179 828 2235 se,
844 2165 936 2225 modo
952 2173 1034 2225 terra
1047 2164 1169 2238 experi-

190 2257 238 2309 tur
252 2264 375 2323 semper
390 2247 603 2322 praesentibus
619 2248 731 2308 inlesta
741 2248 858 2308 levitas.
873 2247 959 2309 Nunc
971 2248 1166 2322 Campaniam

192 2339 342 2409 petamus.
376 2331 434 2391 iam
456 2331 586 2391 delicata
607 2332 729 2392 fastidio
751 2339 830 2392 sunt.
858 2332 971 2393 inculta
993 2333 1168 2392 videantur=

190 2415 323 2478 Bruttios
340 2423 372 2477 et
382 2415 534 2475 Lucaniae
554 2418 650 2476 saltus
672 2432 901 2490 persequamur.
932 2417 1045 2492 aliquid
1067 2423 1166 2475 tamen

188 2503 268 2562 inter
288 2502 411 2560 deserta
422 2500 542 2561 amoeni
560 2502 746 2576 requiratur,
774 2501 804 2559 in
827 2518 888 2575 quo
915 2499 1065 2560 luxuriosi
1087 2499 1167 2560 oculi

191 2587 284 2660 longo
303 2586 440 2645 locorum
460 2583 645 2644 horrentium
667 2586 811 2659 squalore
831 2586 1020 2644 releventur:
1056 2584 1165 2643 Taren-

191 2675 254 2727 tum
270 2674 389 2743 petatur
405 2668 610 2742 laudatusque
621 2675 729 2743 portus
743 2676 774 2728 et
787 2667 913 2728 hiberna
927 2669 1006 2729 coeli
1021 2666 1167 2727 mitioris*

191 2752 276 2826 regio
297 2753 346 2811 vel
367 2751 510 2827 antiquae
537 2752 611 2812 satis
639 2753 783 2827 opulenta
803 2753 943 2813 turbae*
976 2752 1036 2812 iam
1064 2750 1166 2811 ilecta-

192 2851 260 2895 mus
284 2851 408 2895 cursum
432 2835 469 2894 ad
484 2837 600 2895 urbem.
630 2835 718 2896 nimis
741 2837 793 2895 diu
815 2853 833 2896 a
854 2838 964 2911 plausu
992 2844 1023 2896 el
1046 2836 1169 2910 fragore

193 2935 283 2980 aures
306 2928 499 2980 vacaverunt.
528 2920 611 2979 iuvat
626 2921 685 2980 iam
710 2928 740 2980 el
763 2920 896 2981 humano
924 2919 1073 2995 sanguine
1100 2919 1167 2977 lrui.

154 3003 283 3064 ltaliud
304 3020 342 3062 ex
370 3004 429 3063 alio
450 3003 507 3062 iter
532 3004 696 3078 suscipitur
720 3011 751 3064 el
777 3007 955 3079 spectacula
982 3003 1169 3079 spectaculis

194 3094 353 3148 mutantur.
383 3094 418 3147 ut
431 3087 474 3146 ait
486 3088 661 3148 Lucretius:

397 3171 461 3232 Hoc
476 3189 508 3232 sc
523 3176 644 3247 quisque
657 3175 742 3234 modo
755 3192 872 3250 semper
881 3173 973 3247 fucit.
1046 3230 1049 3237 .

194 3254 250 3313 sed
266 3255 338 3330 quid
354 3256 490 3330 prodest,
507 3256 534 3315 si
555 3273 615 3317 non
632 3254 759 3331 'effugitt
786 3257 925 3334 sequitur
942 3258 1059 3332 seipse
1076 3263 1105 3315 et
1119 3270 1168 3314 ur-

152 3345 244 3412 roget
258 3337 458 3412 gravissimus
474 3356 588 3401 comes.
618 3342 725 3416 ltaque
739 3339 818 3402 scire
834 3342 982 3401 debemus
1001 3357 1062 3401 non
1084 3341 1167 3400 loco·

193 3437 259 3480 rum
274 3421 378 3481 vitium
393 3438 465 3483 esse
480 3442 540 3499 quo
556 3426 740 3499 laboramus
756 3426 812 3486 sed
826 3433 978 3486 nostrum:
994 3425 1104 3484 inllrmi
1118 3440 1168 3482 su·

193 3520 261 3566 mus
276 3506 314 3565 ad
331 3522 419 3566 omne
441 3509 646 3581 tolerandum,
669 3525 726 3568 nec
745 3510 858 3570 laboris
871 3508 1020 3585 patientes
1035 3523 1092 3569 nec
1117 3524 1167 3567 vo·
