2438 3968
241 257 292 317 DE
305 256 638 330 TRANQUILLITATE
651 258 773 318 ΑΝΙΜΙ.
795 267 821 319 2.
836 266 861 320 3.
974 256 1036 322 177

63 411 194 486 luptatiS,
210 426 267 469 nec
282 416 405 470 nostrae
419 424 475 468 nec
490 408 580 469 ullius
596 408 641 468 rei
661 409 784 470 diutius.
808 410 868 470 hoc
884 412 1034 486 quosdam

63 495 124 569 egit
138 496 176 554 ad
191 502 325 564 mortem,
343 494 427 568 quod
440 493 599 568 proposita
614 507 708 567 saepe
722 495 865 554 mutando
880 493 911 554 in
927 496 1053 571 cadem,

61 579 296 638 revolvebantur
320 583 351 636 et
369 592 431 636 non
456 578 639 652 reliquerant
660 575 784 637 novitati
807 578 917 637 locum.
951 581 1033 638 iasti—
1128 604 1131 611 ·

63 663 113 722 dio
130 677 201 720 esse
220 662 280 721 illis
301 660 402 734 coepit
421 661 482 720 vita
502 667 533 719 et
551 660 619 735 ipse
638 661 786 736 mundus,
807 668 837 720 et
857 662 937 722 subit
960 664 1034 722 illud

62 746 236 805 rabidarum
252 743 444 805 deliciarum:
468 759 673 819 quousque
694 746 846 804 eademi

128 829 178 887 Ill.
197 829 396 888 Adversus
416 828 487 887 hoc
509 828 674 887 taedium
696 844 769 902 quo
790 828 942 887 auxilio
964 842 1063 904 pu-1

62 922 134 974 tem
155 913 334 972 utendum
358 911 526 986 quaeris.
554 910 726 984 „Optimum
741 919 819 986 erat,
841 920 874 971 ut
888 912 928 971 ait
943 911 1035 973 Athe-

63 997 215 1068 nodorus,
239 996 357 1055 actione
371 1011 472 1054 rerum
489 1003 519 1055 et
531 996 717 1070 reipublicae
733 996 909 1056 tractatione
924 1004 955 1055 et
969 997 1035 1057 olii-

64 1081 120 1141 ciis
146 1080 284 1140 civilibus
309 1095 345 1138 se
371 1080 515 1139 detinere.
554 1095 622 1138 nam
646 1087 680 1138 ut
705 1081 827 1156 quidam
854 1083 920 1140 sole
944 1087 1048 1156 atque.

63 1164 280 1223 exercitatione
304 1170 334 1222 et
356 1179 430 1222 cura
451 1163 590 1237 corporis
620 1164 698 1222 diem
720 1165 834 1224 ducunt
853 1165 1036 1240 athletisque

63 1248 154 1322 longe
175 1248 366 1307 utilissimum
393 1254 440 1306 est
470 1248 600 1307 lacertos
626 1263 701 1307 suos
725 1247 899 1323 roburque,
928 1248 977 1307 cui
1001 1264 1035 1308 se

62 1332 116 1391 uni
131 1332 321 1402 dicaverunt,
344 1330 458 1390 maiore
479 1332 624 1405 temporis
640 1338 724 1406 parte
739 1333 867 1391 nutrire=
888 1331 929 1392 ita
946 1332 1035 1392 vobis

63 1414 195 1473 animum
209 1415 248 1474 ad
264 1430 365 1473 rerum
386 1414 515 1473 civilium
538 1421 688 1473 certarnen
703 1415 880 1489 parantibus
895 1416 924 1473 in
942 1431 1036 1489 opere
1143 1429 1146 1436 ·

63 1515 135 1557 esse
151 1499 235 1572 [non]
257 1501 347 1571 longe
368 1497 602 1572 pulcherrimum
620 1504 675 1557 est.
704 1515 772 1557 nam
795 1515 863 1558 cum
885 1499 986 1559 utilem
1001 1515 1036 1559 se

64 1583 187 1640 elficere
209 1581 326 1641 civibus
347 1580 583 1656 mortalibusque
598 1583 787 1655 propositum
800 1582 926 1657 habeat,
947 1580 1036 1644 simul

64 1673 94 1724 et
109 1673 268 1724 exercetur
288 1671 318 1723 et
337 1665 469 1739 proficit,
493 1665 594 1739 quiin
616 1665 723 1724 mediis
745 1682 780 1725 se
804 1666 913 1727 olficiis
934 1667 1037 1741 posuit

65 1750 237 1807 communia
262 1749 442 1824 privataque
468 1765 524 1822 pro
546 1749 685 1809 facultate
714 1749 938 1810 administrans.
975 1750 1066 1818 Sedu

65 1832 138 1906 quia
152 1831 182 1890 in
198 1832 269 1904 hac,
293 1833 404 1907 inquit,
426 1840 485 1891 tam
508 1832 615 1892 insana
635 1831 789 1893 hominum
809 1833 972 1894 ambitione
992 1841 1038 1895 tot

64 1917 330 1976 calumniatoribus
359 1915 389 1974 in
415 1915 549 1976 deterius
580 1923 662 1975 recta
693 1918 904 1993 torquentibus
930 1934 1037 1993 parum

62 2006 126 2059 tuta
146 2000 322 2074 simplicitas
343 2006 391 2058 est
415 2006 445 2058 et
468 2001 537 2073 plus
562 2001 692 2060 luturum
719 2017 840 2077 semper
865 2008 927 2075 est,
952 2001 1037 2076 quod

10 2086 166 2157 fobstet
189 2099 279 2158 quam
301 2083 385 2159 quod
404 2083 563 2156 succedat,
591 2100 610 2143 a
630 2085 697 2145 loro
718 2085 840 2159 quidem
862 2093 892 2144 et
912 2085 1035 2161 publico

64 2168 269 2229 recedendum
289 2174 350 2237 est,
374 2168 429 2227 sed
445 2167 549 2241 habet,
570 2167 621 2227 ubi
636 2184 671 2227 se
686 2169 773 2229 etiam
789 2171 820 2229 in
835 2169 953 2243 privato
967 2171 1036 2228 laxe

64 2252 196 2326 explicet
216 2268 343 2327 magnus
364 2252 492 2310 animus.
527 2267 584 2309 nec
603 2258 636 2311 ut
658 2253 781 2312 leonum
802 2251 1036 2326 animaliumque

64 2334 186 2408 inpetus
203 2337 304 2395 caveis
317 2341 484 2405 coercetur,
499 2335 543 2393 sic
561 2334 724 2409 hominum,
741 2353 868 2411 quorum
888 2335 1037 2396 maximae

64 2417 94 2476 in
110 2418 237 2477 seducto
253 2417 389 2479 actiones
406 2423 484 2478 sunt.
508 2418 552 2479 lta
566 2427 666 2477 tamen
682 2419 839 2492 delituerit,
854 2427 887 2479 ut
901 2419 1064 2482 ubicumt

65 2517 126 2575 que
151 2501 244 2559 otium
268 2519 356 2561 suum
383 2502 592 2574 absconderit,
624 2504 775 2576 prodesse
804 2503 877 2562 velit
907 2502 1035 2576 singulis

63 2584 278 2658 universisque
289 2584 426 2661 ingenio,
446 2601 538 2655 voce,
562 2586 699 2645 consilio.
729 2602 786 2646 nec
807 2586 886 2645 enim
906 2588 934 2646 is
950 2589 1035 2646 solus

63 2667 250 2744 reipublicae
265 2670 399 2742 prodest,
416 2669 467 2743 qui
483 2670 661 2729 candidatos
672 2669 802 2730 extrahit
814 2677 843 2729 et
854 2678 954 2731 tuetur
964 2685 1035 2731 reos

64 2761 93 2811 et
107 2752 147 2811 dc
162 2767 238 2826 pace
253 2753 396 2827 belloque
411 2759 529 2826 censet,
551 2754 606 2812 sed
624 2755 674 2827 qui
694 2755 877 2815 iuventutem
895 2755 1035 2814 exhorta·

64 2844 125 2908 tur,
148 2836 200 2911 qui
215 2836 243 2895 in
258 2843 341 2896 tanta
355 2836 505 2896 bonorum
523 2845 755 2912 praeceptorum
773 2838 877 2911 inopia
895 2839 1036 2899 virtutem

63 2918 190 2980 instillat
218 2920 341 2992 animis,
374 2920 426 2994 qui
457 2921 496 2979 ad
522 2921 681 2995 pecuniam
706 2921 916 2994 luxuriamque
944 2937 1036 2981 cursu

63 3004 180 3063 ruentis
196 3011 320 3078 prensat
338 3019 374 3063 ac
388 3003 513 3063 retrahit
526 3012 571 3078 et,
592 3005 618 3063 si
634 3004 705 3065 nihil
721 3004 818 3077 aliud,
841 3011 922 3063 certe
937 3021 1034 3064 mora-

64 3095 121 3159 tur,
134 3088 162 3146 in
181 3088 298 3161 privato
314 3086 467 3163 publicum
482 3088 634 3161 negotium
650 3090 719 3163 agit.
738 3092 785 3148 An
802 3088 851 3147 ille
866 3089 935 3162 plus
947 3096 1065 3162 prae-t

66 3177 138 3243 stat,
162 3172 214 3246 qui
233 3172 309 3230 inter
330 3172 506 3246 peregrinos
528 3179 557 3230 et
579 3172 662 3231 cives
686 3180 737 3232 aut
756 3172 892 3232 urbanus
912 3178 1037 3246 praetor

65 3255 246 3315 adeuntibus
261 3253 437 3315 adsessoris
450 3254 545 3313 verba
565 3257 752 3328 pronuntiat,
777 3271 867 3330 quam
891 3256 941 3329 qui
962 3255 1036 3330 quid
1108 3315 1114 3331 ‚

66 3336 105 3398 sit
124 3338 254 3410 iustitia,
277 3337 351 3412 quid
374 3338 488 3413 pietas,
511 3337 583 3411 quid
606 3339 763 3412 patientia,
785 3338 858 3414 quid
880 3338 1035 3411 fortitudo,

68 3420 141 3497 quid
157 3421 262 3481 mortis
278 3429 484 3497 contemptus,
504 3421 577 3496 quid
593 3421 719 3482 deorum
734 3423 918 3496 intellectus
940 3439 1036 3498 quan·

67 3513 188 3581 tumque
201 3506 378 3566 adiutorium
392 3506 546 3567 hominum
562 3506 600 3566 sit
614 3505 695 3566 bona
716 3507 922 3568 couscientia?
954 3507 1063 3580 Ergob

113 3610 215 3648 saurcn
229 3609 297 3647 rma.
312 3593 332 3647 1.
531 3607 551 3633 ⁴·
840 3600 877 3651 i‘i
