2438 3968
136 238 417 304 conwnullall
429 240 619 304 acclesiae
634 239 859 305 SAPIENTEM.
882 242 932 303 Vl.
948 242 1010 304 Vll.
1035 240 1077 306 23

102 398 249 459 diderunt
262 397 397 469 tabellas,
413 396 525 472 quibus
539 395 666 457 avaritia
681 397 758 458 laiso
779 395 858 457 laeta
872 397 990 457 divitias
1006 399 1078 457 ima·

103 483 240 558 ginatus:
265 494 323 556 ego
348 480 471 555 quidem
498 482 599 541 omnia
622 481 740 555 integra
764 480 948 556 inlibataque
968 482 1077 542 babeo.

104 566 236 642 proinde
248 567 326 626 istos
341 563 508 639 interroga,
529 566 581 640 qui
595 563 683 635 flent,
707 565 759 639 qui
777 565 990 640 lamentantur,
1010 564 1078 625 strl·

103 652 164 711 ctis
178 650 287 725 gladiis
302 648 384 708 nuda
398 663 453 723 pro
468 650 598 723 pecunia
612 663 742 723 corpora
764 657 935 722 opponunt,
958 649 1008 724 qui
1024 649 1078 709 ho-

103 742 185 794 stem
199 740 324 793 onerato
340 733 410 792 sinu
423 732 570 806 lugiunt.“
590 732 671 806 Ergo
684 731 726 791 ita
739 730 850 804 habes,
867 731 995 807 Serene,
1011 736 1109 807 per-ti

104 821 219 878 lectum
233 818 317 877 illum
328 817 434 890 virum,
449 814 587 875 humanis
599 816 772 890 divinisque
783 816 943 876 virtutibus
958 818 1080 890 plenum

105 900 181 961 nibil
195 901 335 975 perdere.
357 900 439 960 bona
453 900 520 959 eius
535 899 642 959 solidis
663 907 692 960 et
706 899 1001 975 inexsuperabilibus
1016 915 1080 960 mu·
1188 920 1191 925 ·

106 985 248 1044 nimentis
264 983 438 1059 praecincta
452 990 531 1044 sunt.
553 996 614 1043 non
628 983 816 1060 Babylonios
832 983 873 1043 illi
888 998 992 1045 muros
1006 998 1080 1043 eon·

105 1070 228 1142 tuleris,
244 1085 323 1142 quos
337 1067 512 1127 Alexander
526 1066 659 1139 intravit,
675 1082 736 1127 non
752 1066 941 1141 Carthaginis
956 1073 1008 1128 aut
1020 1066 1080 1127 llu-

106 1151 239 1213 manliae
256 1152 384 1222 moenia,
399 1167 461 1211 una
475 1168 565 1211 manu
580 1157 678 1225 capta,
693 1166 754 1211 non
770 1152 949 1228 Capitolium
965 1166 1080 1211 arcem·

104 1251 161 1309 ve,
186 1235 300 1296 babent
323 1237 382 1296 ista
406 1235 515 1295 hostile
539 1232 714 1310 vestigium=
745 1236 795 1295 illa
816 1250 896 1310 quae
912 1236 1081 1310 sapientem

105 1326 247 1391 tuentur,
274 1327 304 1380 et
315 1335 337 1378 a
350 1319 472 1379 damma
485 1326 517 1379 et
530 1318 568 1378 ab
582 1320 705 1380 incursu
718 1326 783 1379 tuta
797 1327 883 1393 sunt,
904 1321 1019 1379 nullum
1036 1319 1080 1378 in·

104 1405 229 1464 troitum
244 1403 399 1478 praebent,
416 1404 548 1476 excelsa,
563 1401 820 1478 inexpugnabilia,
836 1401 884 1462 dis
901 1417 1008 1477 aequa.

168 1488 234 1547 Vll.
265 1486 332 1545 Non
347 1491 394 1545 est
408 1487 492 1560 quod
506 1486 592 1546 dinas
612 1488 686 1558 ista,
704 1494 737 1547 ut
751 1487 850 1556 soles,
866 1484 947 1545 hunc
961 1485 1083 1560 sapien·
1098 1492 1111 1542 1

106 1579 168 1632 tam
183 1577 319 1630 nostrum
334 1585 484 1644 nusquam
501 1570 638 1629 inveniri.
680 1586 740 1650 non
762 1571 904 1645 fingimus
925 1570 1007 1629 istud
1027 1566 1082 1627 hu·

106 1654 189 1714 mani
203 1653 315 1728 ingenii
329 1668 440 1713 vanum
455 1653 551 1712 decus
566 1669 623 1712 nec
638 1655 788 1729 ingentem
805 1654 966 1729 imaginem
986 1653 1083 1712 salsae

105 1738 153 1797 rei
169 1737 373 1811 concipimus,
395 1738 451 1798 sed
467 1739 585 1812 qualem
601 1739 830 1811 confirmamus,
846 1736 1039 1798 exhibuimus
1053 1742 1084 1797 et

105 1819 329 1892 exhibebimus,
343 1836 413 1880 raro
429 1820 557 1882 forsitan
566 1821 746 1896 magnisque
767 1826 897 1883 aetatum
918 1820 1082 1881 intervallis

107 1919 212 1965 unum.
254 1919 355 1979 neque
374 1906 453 1964 enim
472 1918 581 1978 magna
595 1912 626 1965 ct
639 1905 818 1966 excedentia
831 1906 952 1966 solitum
969 1919 1006 1964 ao
1018 1905 1083 1964 vul-

104 2003 212 2063 garem
233 1988 357 2048 modum
379 1989 491 2049 crebro
511 1989 683 2064 gignuntur.
726 1998 859 2050 ceterum
885 1989 934 2049 hlc
955 1989 1023 2064 ipse
1041 1984 1081 2046 Μ.

106 2073 198 2143 Cato,
221 2087 239 2130 a
254 2071 340 2132 cuius
354 2073 506 2133 mentione
521 2072 597 2133 hacc
611 2074 775 2147 disputatio
791 2073 956 2149 processit,
973 2087 1084 2132 vereor

107 2172 149 2216 ne
170 2171 266 2231 supra
279 2163 416 2218 nostrum
429 2157 587 2231 exemplar
601 2157 648 2217 sit.
684 2157 823 2233 Denique
841 2155 973 2217 validius
993 2157 1116 2216 debetx

104 2255 180 2300 esse
195 2239 280 2314 quod
294 2239 387 2301 laedit
400 2256 438 2301 eo
453 2240 537 2317 quod
551 2241 688 2300 laeditur.
725 2256 786 2301 non
801 2249 848 2301 cst
864 2250 963 2302 autem
978 2238 1085 2300 tortior

106 2323 244 2397 nequitia
259 2323 382 2384 virtute:
395 2341 459 2385 non
474 2330 575 2399 potest
592 2339 664 2400 argo
680 2324 759 2384 laedi
770 2326 905 2400 sapiens.
926 2323 1039 2383 Iniuria
1053 2323 1084 2382 in

108 2409 210 2468 bonos
225 2405 285 2467 nisi
299 2410 418 2469 amalis
433 2422 494 2469 non
510 2416 679 2483 temptatur.
703 2409 794 2469 bonis
807 2410 885 2469 inter
900 2424 934 2469 sa
951 2423 1012 2482 pax
1026 2404 1082 2468 esi:

108 2491 181 2550 mali
203 2493 474 2564 [non1tambonis
497 2491 661 2566 perniciosi
681 2508 771 2568 quam
792 2494 869 2552 inter
891 2506 935 2552 se.
972 2490 1084 2566 quodsi

107 2574 189 2635 laedi
209 2573 268 2635 nisi
282 2575 427 2637 infirmior
435 2592 502 2637 non
525 2583 640 2650 potest,
661 2578 758 2637 malus
778 2585 879 2637 autern
897 2575 979 2635 bono
1000 2573 1083 2634 inllr·

107 2660 188 2720 mior
202 2665 258 2732 est,
273 2674 331 2719 nec
345 2660 453 2720 iniuria
466 2660 555 2720 bonis
570 2659 629 2719 nisi
644 2675 661 2719 a
676 2660 793 2736 dispari
806 2659 939 2719 verenda
954 2666 1014 2718 est:
1039 2658 1083 2718 in·

107 2743 188 2804 iuria
201 2743 231 2802 in
248 2743 416 2818 sapientem
433 2744 530 2804 virum
551 2758 611 2802 non
628 2745 716 2804 cadit.
751 2745 824 2804 illud
844 2744 923 2802 enim
944 2743 1003 2802 iam
1021 2758 1082 2804 non

106 2843 145 2887 es
161 2826 374 2891 admonendus
388 2827 538 2887 nerninem
550 2828 663 2887 bonum
678 2843 750 2888 esse
761 2828 819 2888 nisi
830 2827 1006 2902 sapientem.
1029 2823 1118 2900 „Sia

107 2910 230 2983 iniuste,
251 2910 356 2986 inquit,
371 2911 514 2973 Socrates
531 2912 690 2972 damnatus
705 2919 761 2985 est,
783 2912 920 2972 iniuriam
936 2909 1085 2986 accepit.“

106 2993 177 3055 lloc
195 2995 265 3055 loco
280 2994 454 3070 intellegere
468 3011 525 3055 nos
541 3002 661 3071 oportet
675 3010 770 3070 posse
784 2997 921 3068 evenire,
943 3004 976 3056 ut
996 2995 1086 3055 iaciat

106 3077 220 3154 aliquis
236 3078 374 3139 iniuriam
395 3080 466 3140 mihi
488 3089 594 3154 elego
616 3096 678 3140 non
699 3080 859 3154 accipiant
884 3086 1037 3154 tamquam
1058 3079 1085 3139 el

108 3159 181 3239 quis
194 3177 269 3236 rem,
283 3179 372 3238 quam
387 3179 404 3223 e
419 3164 490 3224 villa
500 3180 568 3224 mea
578 3164 737 3239 subripuit,
752 3165 782 3223 in
795 3165 887 3225 domo
902 3178 971 3224 mea
981 3170 1084 3238 ponat,

107 3247 161 3307 ille
176 3247 287 3307 lurtum
301 3247 414 3320 lecerit,
425 3263 482 3322 ego
495 3248 566 3308 nihil
578 3249 771 3324 perdiderim.
792 3248 896 3309 Potest
906 3246 1017 3321 aliquis
1028 3255 1115 3308 nol

106 3346 185 3391 cens
200 3330 276 3406 lieri,
292 3333 430 3405 quamvis
446 3349 507 3392 non
522 3334 675 3394 nocuerit:
703 3333 730 3391 si
745 3333 897 3407 quiscum
915 3346 1014 3392 uxore
1028 3346 1085 3390 sna

106 3421 264 3489 umquam
280 3415 389 3476 aliena
413 3417 608 3489 concumbat,
633 3417 752 3476 adulter
777 3416 846 3488 erit,
873 3416 1012 3492 quamvis
1034 3415 1086 3475 illa

105 3497 248 3559 adultera
268 3515 328 3560 non
350 3499 398 3560 sit.
434 3498 544 3576 aliquis
565 3500 636 3560 mihi
656 3515 805 3561 venenum
827 3499 924 3574 dedit,
946 3499 1003 3559 sed
1024 3497 1085 3558 vim
