<?xml version="1.0" encoding="UTF-8"?>
<!DOCTYPE html PUBLIC "-//W3C//DTD XHTML 1.0 Transitional//EN"
    "http://www.w3.org/TR/xhtml1/DTD/xhtml1-transitional.dtd">
<html xmlns="http://www.w3.org/1999/xhtml" xml:lang="en" lang="en">
 <head>
  <title>
</title>
<meta http-equiv="Content-Type" content="text/html;charset=utf-8" />
  <meta name='ocr-system' content='tesseract 3.04.00' />
  <meta name='ocr-capabilities' content='ocr_page ocr_carea ocr_par ocr_line ocrx_word'/>
</head>
<body>
  <div class='ocr_page' id='page_1' title='image "./lannaeisenecaeo05senegoog_0087.png"; bbox 0 0 2438 3968; ppageno 0'>
   <div class='ocr_carea' id='block_1_1' title="bbox 189 221 874 310">
    <p class='ocr_par' dir='ltr' id='par_1_1' title="bbox 189 221 874 310">
     <span class='ocr_line' id='line_1_1' title="bbox 189 221 874 310; baseline 0 -24"><span class='ocrx_word' id='word_1_1' title='bbox 189 221 231 286; x_wconf 69' lang='grc' dir='ltr'><strong>ιε</strong></span> <span class='ocrx_word' id='word_1_2' title='bbox 478 225 510 285; x_wconf 82' lang='lat' dir='ltr'>u.</span> <span class='ocrx_word' id='word_1_3' title='bbox 532 225 677 286; x_wconf 75' lang='lat' dir='ltr'>munci</span> <span class='ocrx_word' id='word_1_4' title='bbox 701 225 874 310; x_wconf 70' lang='lat' dir='ltr'>sannone</span> 
     </span>
    </p>
   </div>
   <div class='ocr_carea' id='block_1_2' title="bbox 153 373 1198 3557">
    <p class='ocr_par' dir='ltr' id='par_1_2' title="bbox 153 373 1198 3557">
     <span class='ocr_line' id='line_1_2' title="bbox 189 373 1175 450; baseline 0.007 -13"><span class='ocrx_word' id='word_1_5' title='bbox 189 378 375 450; x_wconf 85' lang='lat' dir='ltr'>doloresque</span> <span class='ocrx_word' id='word_1_6' title='bbox 391 377 560 437; x_wconf 85' lang='lat' dir='ltr'>incurrunt:</span> <span class='ocrx_word' id='word_1_7' title='bbox 577 376 680 449; x_wconf 90' lang='lat' dir='ltr'>utique</span> <span class='ocrx_word' id='word_1_8' title='bbox 698 373 799 450; x_wconf 92' lang='lat' dir='ltr'>aliqua</span> <span class='ocrx_word' id='word_1_9' title='bbox 815 375 996 450; x_wconf 78' lang='lat' dir='ltr'>lugiendum</span> <span class='ocrx_word' id='word_1_10' title='bbox 1011 386 1065 441; x_wconf 85' lang='lat' dir='ltr'>cst</span> <span class='ocrx_word' id='word_1_11' title='bbox 1080 379 1175 443; x_wconf 82' lang='lat' dir='ltr'>domi·</span> 
     </span>
     <span class='ocr_line' id='line_1_3' title="bbox 189 459 1175 536; baseline 0.002 -16"><span class='ocrx_word' id='word_1_12' title='bbox 189 461 288 520; x_wconf 90' lang='lat' dir='ltr'>cilium</span> <span class='ocrx_word' id='word_1_13' title='bbox 310 467 399 536; x_wconf 90' lang='lat' dir='ltr'>putre</span> <span class='ocrx_word' id='word_1_14' title='bbox 417 460 541 521; x_wconf 86' lang='lat' dir='ltr'>sortitis.</span> <span class='ocrx_word' id='word_1_15' title='bbox 564 460 687 519; x_wconf 80' lang='lat' dir='ltr'>Dicetur</span> <span class='ocrx_word' id='word_1_16' title='bbox 703 459 813 534; x_wconf 89' lang='lat' dir='ltr'>aliquis</span> <span class='ocrx_word' id='word_1_17' title='bbox 831 460 909 518; x_wconf 87' lang='lat' dir='ltr'>male</span> <span class='ocrx_word' id='word_1_18' title='bbox 927 460 967 519; x_wconf 92' lang='lat' dir='ltr'>de</span> <span class='ocrx_word' id='word_1_19' title='bbox 987 469 1018 521; x_wconf 91' lang='grc' dir='ltr'>ιε</span> <span class='ocrx_word' id='word_1_20' title='bbox 1035 464 1175 527; x_wconf 81' lang='lat' dir='ltr'>locutum</span> 
     </span>
     <span class='ocr_line' id='line_1_4' title="bbox 189 543 1173 623; baseline 0.006 -19"><span class='ocrx_word' id='word_1_21' title='bbox 189 544 289 618; x_wconf 83' lang='lat' dir='ltr'>cogita</span> <span class='ocrx_word' id='word_1_22' title='bbox 304 560 342 603; x_wconf 89' lang='lat' dir='ltr'>an</span> <span class='ocrx_word' id='word_1_23' title='bbox 361 545 444 619; x_wconf 91' lang='lat' dir='ltr'>prior</span> <span class='ocrx_word' id='word_1_24' title='bbox 463 543 588 616; x_wconf 87' lang='lat' dir='ltr'>leceris,</span> <span class='ocrx_word' id='word_1_25' title='bbox 611 544 711 617; x_wconf 81' lang='lat' dir='ltr'>cogita</span> <span class='ocrx_word' id='word_1_26' title='bbox 729 543 768 602; x_wconf 95' lang='lat' dir='ltr'>de</span> <span class='ocrx_word' id='word_1_27' title='bbox 790 559 882 616; x_wconf 84' lang='lat' dir='ltr'>quam</span> <span class='ocrx_word' id='word_1_28' title='bbox 899 543 1006 606; x_wconf 84' lang='lat' dir='ltr'>multis</span> <span class='ocrx_word' id='word_1_29' title='bbox 1022 547 1173 623; x_wconf 81' lang='lat' dir='ltr'>loquaris.</span> 
     </span>
     <span class='ocr_line' id='line_1_5' title="bbox 159 626 1173 703; baseline 0.005 -15"><span class='ocrx_word' id='word_1_30' title='bbox 159 628 375 703; x_wconf 67' lang='lat' dir='ltr'>acogitemus,</span> <span class='ocrx_word' id='word_1_31' title='bbox 397 629 534 703; x_wconf 89' lang='lat' dir='ltr'>inquam,</span> <span class='ocrx_word' id='word_1_32' title='bbox 557 627 633 686; x_wconf 87' lang='lat' dir='ltr'>alios</span> <span class='ocrx_word' id='word_1_33' title='bbox 657 643 717 686; x_wconf 90' lang='lat' dir='ltr'>non</span> <span class='ocrx_word' id='word_1_34' title='bbox 740 628 841 687; x_wconf 86' lang='lat' dir='ltr'>facere</span> <span class='ocrx_word' id='word_1_35' title='bbox 862 626 1020 701; x_wconf 83' lang='lat' dir='ltr'>iniuriam,</span> <span class='ocrx_word' id='word_1_36' title='bbox 1044 632 1110 693; x_wconf 80' lang='lat' dir='ltr'>sed</span> <span class='ocrx_word' id='word_1_37' title='bbox 1130 648 1173 692; x_wconf 81' lang='lat' dir='ltr'>re·</span> 
     </span>
     <span class='ocr_line' id='line_1_6' title="bbox 190 710 1170 788; baseline 0.008 -18"><span class='ocrx_word' id='word_1_38' title='bbox 190 727 311 786; x_wconf 88' lang='lat' dir='ltr'>ponere.</span> <span class='ocrx_word' id='word_1_39' title='bbox 334 714 411 774; x_wconf 89' lang='lat' dir='ltr'>alios</span> <span class='ocrx_word' id='word_1_40' title='bbox 424 710 581 788; x_wconf 84' lang='lat' dir='ltr'>pronubis</span> <span class='ocrx_word' id='word_1_41' title='bbox 596 712 705 781; x_wconf 87' lang='lat' dir='ltr'>lacere,</span> <span class='ocrx_word' id='word_1_42' title='bbox 724 711 801 771; x_wconf 87' lang='lat' dir='ltr'>alios</span> <span class='ocrx_word' id='word_1_43' title='bbox 817 719 942 772; x_wconf 87' lang='lat' dir='ltr'>coactos</span> <span class='ocrx_word' id='word_1_44' title='bbox 957 713 1080 788; x_wconf 83' lang='lat' dir='ltr'>lacere,</span> <span class='ocrx_word' id='word_1_45' title='bbox 1098 716 1170 778; x_wconf 82' lang='lat' dir='ltr'>altos</span> 
     </span>
     <span class='ocr_line' id='line_1_7' title="bbox 187 794 1169 872; baseline 0.004 -17"><span class='ocrx_word' id='word_1_46' title='bbox 187 797 370 871; x_wconf 81' lang='lat' dir='ltr'>ignorantis,</span> <span class='ocrx_word' id='word_1_47' title='bbox 392 797 481 856; x_wconf 90' lang='lat' dir='ltr'>etiam</span> <span class='ocrx_word' id='word_1_48' title='bbox 504 811 560 855; x_wconf 88' lang='lat' dir='ltr'>eos</span> <span class='ocrx_word' id='word_1_49' title='bbox 585 794 637 869; x_wconf 91' lang='lat' dir='ltr'>qui</span> <span class='ocrx_word' id='word_1_50' title='bbox 662 796 799 855; x_wconf 88' lang='lat' dir='ltr'>volentes</span> <span class='ocrx_word' id='word_1_51' title='bbox 822 795 1022 872; x_wconf 82' lang='lat' dir='ltr'>scientesque</span> <span class='ocrx_word' id='word_1_52' title='bbox 1044 799 1169 871; x_wconf 77' lang='lat' dir='ltr'>iaciunt,</span> 
     </span>
     <span class='ocr_line' id='line_1_8' title="bbox 187 878 1170 953; baseline 0.005 -15"><span class='ocrx_word' id='word_1_53' title='bbox 187 895 228 939; x_wconf 89' lang='lat' dir='ltr'>ex</span> <span class='ocrx_word' id='word_1_54' title='bbox 238 881 347 940; x_wconf 90' lang='lat' dir='ltr'>iniuria</span> <span class='ocrx_word' id='word_1_55' title='bbox 358 888 464 940; x_wconf 88' lang='lat' dir='ltr'>nostra</span> <span class='ocrx_word' id='word_1_56' title='bbox 476 896 536 941; x_wconf 90' lang='lat' dir='ltr'>non</span> <span class='ocrx_word' id='word_1_57' title='bbox 551 879 650 953; x_wconf 82' lang='lat' dir='ltr'><strong>ipsam</strong></span> <span class='ocrx_word' id='word_1_58' title='bbox 664 878 800 938; x_wconf 87' lang='lat' dir='ltr'>iniuriam</span> <span class='ocrx_word' id='word_1_59' title='bbox 809 885 928 953; x_wconf 76' lang='lat' dir='ltr'>petere:</span> <span class='ocrx_word' id='word_1_60' title='bbox 943 880 1170 943; x_wconf 88' lang='lat' dir='ltr'>autdulcedinc</span> 
     </span>
     <span class='ocr_line' id='line_1_9' title="bbox 186 960 1169 1038; baseline 0.005 -15"><span class='ocrx_word' id='word_1_61' title='bbox 186 963 365 1024; x_wconf 76' lang='lat' dir='ltr'>urbanitatis</span> <span class='ocrx_word' id='word_1_62' title='bbox 386 965 550 1038; x_wconf 88' lang='lat' dir='ltr'>prolapsus</span> <span class='ocrx_word' id='word_1_63' title='bbox 573 969 621 1022; x_wconf 88' lang='lat' dir='ltr'>est</span> <span class='ocrx_word' id='word_1_64' title='bbox 638 971 690 1022; x_wconf 89' lang='lat' dir='ltr'>aut</span> <span class='ocrx_word' id='word_1_65' title='bbox 706 960 777 1020; x_wconf 87' lang='lat' dir='ltr'>lecit</span> <span class='ocrx_word' id='word_1_66' title='bbox 792 963 922 1037; x_wconf 88' lang='lat' dir='ltr'>aliquid,</span> <span class='ocrx_word' id='word_1_67' title='bbox 943 979 1008 1022; x_wconf 91' lang='lat' dir='ltr'>non</span> <span class='ocrx_word' id='word_1_68' title='bbox 1028 972 1068 1025; x_wconf 86' lang='lat' dir='ltr'>ut</span> <span class='ocrx_word' id='word_1_69' title='bbox 1084 968 1169 1028; x_wconf 79' lang='lat' dir='ltr'>nobis</span> 
     </span>
     <span class='ocr_line' id='line_1_10' title="bbox 187 1046 1167 1121; baseline 0.003 -13"><span class='ocrx_word' id='word_1_70' title='bbox 187 1049 325 1119; x_wconf 88' lang='lat' dir='ltr'>obesset,</span> <span class='ocrx_word' id='word_1_71' title='bbox 342 1047 399 1106; x_wconf 89' lang='lat' dir='ltr'>sed</span> <span class='ocrx_word' id='word_1_72' title='bbox 413 1048 484 1120; x_wconf 85' lang='lat' dir='ltr'>quia</span> <span class='ocrx_word' id='word_1_73' title='bbox 499 1046 648 1121; x_wconf 84' lang='lat' dir='ltr'><strong>consequi</strong></span> <span class='ocrx_word' id='word_1_74' title='bbox 663 1048 731 1120; x_wconf 90' lang='lat' dir='ltr'>ipse</span> <span class='ocrx_word' id='word_1_75' title='bbox 746 1061 807 1104; x_wconf 93' lang='lat' dir='ltr'>nou</span> <span class='ocrx_word' id='word_1_76' title='bbox 824 1054 951 1120; x_wconf 84' lang='lat' dir='ltr'>poterat,</span> <span class='ocrx_word' id='word_1_77' title='bbox 967 1047 1027 1108; x_wconf 90' lang='lat' dir='ltr'>nisi</span> <span class='ocrx_word' id='word_1_78' title='bbox 1047 1066 1112 1111; x_wconf 88' lang='lat' dir='ltr'>nos</span> <span class='ocrx_word' id='word_1_79' title='bbox 1126 1067 1167 1111; x_wconf 88' lang='lat' dir='ltr'>re·</span> 
     </span>
     <span class='ocr_line' id='line_1_11' title="bbox 159 1129 1166 1209; baseline 0.004 -18"><span class='ocrx_word' id='word_1_80' title='bbox 159 1137 176 1191; x_wconf 81' lang='grc'>6</span> <span class='ocrx_word' id='word_1_81' title='bbox 187 1132 325 1205; x_wconf 90' lang='lat' dir='ltr'>pulisset.</span> <span class='ocrx_word' id='word_1_82' title='bbox 355 1145 448 1205; x_wconf 83' lang='lat' dir='ltr'>saepe</span> <span class='ocrx_word' id='word_1_83' title='bbox 463 1131 611 1202; x_wconf 76' lang='lat' dir='ltr'>adulatio,</span> <span class='ocrx_word' id='word_1_84' title='bbox 632 1132 703 1190; x_wconf 93' lang='lat' dir='ltr'>dum</span> <span class='ocrx_word' id='word_1_85' title='bbox 718 1129 883 1201; x_wconf 84' lang='lat' dir='ltr'>blanditur,</span> <span class='ocrx_word' id='word_1_86' title='bbox 905 1129 1047 1192; x_wconf 69' lang='lat' dir='ltr'>offendit</span> <span class='ocrx_word' id='word_1_87' title='bbox 1084 1133 1166 1209; x_wconf 75' lang='lat' dir='ltr'>Quis·</span> 
     </span>
     <span class='ocr_line' id='line_1_12' title="bbox 187 1211 1166 1288; baseline 0.007 -16"><span class='ocrx_word' id='word_1_88' title='bbox 187 1214 255 1288; x_wconf 88' lang='lat' dir='ltr'>quis</span> <span class='ocrx_word' id='word_1_89' title='bbox 270 1214 310 1273; x_wconf 89' lang='lat' dir='ltr'>ad</span> <span class='ocrx_word' id='word_1_90' title='bbox 326 1228 361 1274; x_wconf 91' lang='lat' dir='ltr'>se</span> <span class='ocrx_word' id='word_1_91' title='bbox 376 1214 524 1287; x_wconf 87' lang='lat' dir='ltr'>retulerit,</span> <span class='ocrx_word' id='word_1_92' title='bbox 546 1215 685 1288; x_wconf 91' lang='lat' dir='ltr'>quotiens</span> <span class='ocrx_word' id='word_1_93' title='bbox 700 1214 768 1288; x_wconf 90' lang='lat' dir='ltr'>ipse</span> <span class='ocrx_word' id='word_1_94' title='bbox 784 1211 814 1272; x_wconf 94' lang='lat' dir='ltr'>in</span> <span class='ocrx_word' id='word_1_95' title='bbox 832 1212 1044 1288; x_wconf 78' lang='lat' dir='ltr'>suspicionem</span> <span class='ocrx_word' id='word_1_96' title='bbox 1061 1218 1166 1279; x_wconf 79' lang='lat' dir='ltr'>falsam</span> 
     </span>
     <span class='ocr_line' id='line_1_13' title="bbox 186 1296 1164 1373; baseline 0.006 -16"><span class='ocrx_word' id='word_1_97' title='bbox 186 1297 337 1369; x_wconf 89' lang='lat' dir='ltr'>inciderit,</span> <span class='ocrx_word' id='word_1_98' title='bbox 361 1315 453 1373; x_wconf 90' lang='lat' dir='ltr'>quam</span> <span class='ocrx_word' id='word_1_99' title='bbox 467 1296 569 1358; x_wconf 89' lang='lat' dir='ltr'>multis</span> <span class='ocrx_word' id='word_1_100' title='bbox 587 1297 697 1358; x_wconf 82' lang='lat' dir='ltr'>officiis</span> <span class='ocrx_word' id='word_1_101' title='bbox 717 1298 782 1357; x_wconf 90' lang='lat' dir='ltr'>suis</span> <span class='ocrx_word' id='word_1_102' title='bbox 799 1298 921 1358; x_wconf 80' lang='lat' dir='ltr'>fortuna</span> <span class='ocrx_word' id='word_1_103' title='bbox 934 1300 1079 1373; x_wconf 85' lang='lat' dir='ltr'>speciem</span> <span class='ocrx_word' id='word_1_104' title='bbox 1093 1302 1164 1363; x_wconf 91' lang='lat' dir='ltr'>iniu·</span> 
     </span>
     <span class='ocr_line' id='line_1_14' title="bbox 186 1381 1164 1462; baseline 0.004 -21"><span class='ocrx_word' id='word_1_105' title='bbox 186 1383 249 1442; x_wconf 86' lang='lat' dir='ltr'>riae</span> <span class='ocrx_word' id='word_1_106' title='bbox 268 1381 412 1458; x_wconf 87' lang='lat' dir='ltr'>induerit,</span> <span class='ocrx_word' id='word_1_107' title='bbox 435 1398 526 1458; x_wconf 87' lang='lat' dir='ltr'>quam</span> <span class='ocrx_word' id='word_1_108' title='bbox 545 1384 656 1442; x_wconf 92' lang='lat' dir='ltr'>multos</span> <span class='ocrx_word' id='word_1_109' title='bbox 676 1388 748 1456; x_wconf 89' lang='lat' dir='ltr'>post</span> <span class='ocrx_word' id='word_1_110' title='bbox 770 1381 872 1440; x_wconf 91' lang='lat' dir='ltr'>odium</span> <span class='ocrx_word' id='word_1_111' title='bbox 892 1397 996 1441; x_wconf 88' lang='lat' dir='ltr'>amare</span> <span class='ocrx_word' id='word_1_112' title='bbox 1017 1388 1164 1462; x_wconf 73' lang='lat' dir='ltr'>coeperit</span> 
     </span>
     <span class='ocr_line' id='line_1_15' title="bbox 187 1464 1198 1545; baseline 0.002 -18"><span class='ocrx_word' id='word_1_113' title='bbox 187 1467 298 1542; x_wconf 90' lang='lat' dir='ltr'>poterit</span> <span class='ocrx_word' id='word_1_114' title='bbox 313 1483 374 1527; x_wconf 90' lang='lat' dir='ltr'>non</span> <span class='ocrx_word' id='word_1_115' title='bbox 390 1469 490 1528; x_wconf 89' lang='lat' dir='ltr'>statim</span> <span class='ocrx_word' id='word_1_116' title='bbox 502 1466 608 1541; x_wconf 85' lang='lat' dir='ltr'>irasci,</span> <span class='ocrx_word' id='word_1_117' title='bbox 630 1465 735 1540; x_wconf 89' lang='lat' dir='ltr'>utique</span> <span class='ocrx_word' id='word_1_118' title='bbox 750 1464 776 1523; x_wconf 92' lang='lat' dir='ltr'>si</span> <span class='ocrx_word' id='word_1_119' title='bbox 794 1465 851 1525; x_wconf 91' lang='lat' dir='ltr'>sibi</span> <span class='ocrx_word' id='word_1_120' title='bbox 865 1465 974 1526; x_wconf 89' lang='lat' dir='ltr'>tacitus</span> <span class='ocrx_word' id='word_1_121' title='bbox 989 1467 1032 1527; x_wconf 92' lang='lat' dir='ltr'>ad</span> <span class='ocrx_word' id='word_1_122' title='bbox 1048 1469 1165 1545; x_wconf 73' lang='lat' dir='ltr'>singula</span> <span class='ocrx_word' id='word_1_123' title='bbox 1195 1492 1198 1497; x_wconf 95' lang='lat'>·</span> 
     </span>
     <span class='ocr_line' id='line_1_16' title="bbox 159 1548 1163 1625; baseline 0.003 -15"><span class='ocrx_word' id='word_1_124' title='bbox 159 1552 297 1625; x_wconf 71' lang='lat' dir='ltr'>aquibus</span> <span class='ocrx_word' id='word_1_125' title='bbox 315 1550 477 1612; x_wconf 82' lang='lat' dir='ltr'>offenditur</span> <span class='ocrx_word' id='word_1_126' title='bbox 491 1551 613 1610; x_wconf 83' lang='lat' dir='ltr'>dixerit:</span> <span class='ocrx_word' id='word_1_127' title='bbox 631 1550 707 1609; x_wconf 86' lang='lat' dir='ltr'>haec</span> <span class='ocrx_word' id='word_1_128' title='bbox 722 1555 751 1607; x_wconf 92' lang='lat' dir='ltr'>et</span> <span class='ocrx_word' id='word_1_129' title='bbox 766 1548 835 1623; x_wconf 88' lang='lat' dir='ltr'>ipse</span> <span class='ocrx_word' id='word_1_130' title='bbox 852 1549 1000 1610; x_wconf 87' lang='lat' dir='ltr'>commisi.</span> <span class='ocrx_word' id='word_1_131' title='bbox 1033 1550 1106 1615; x_wconf 86' lang='lat' dir='ltr'>Sed</span> <span class='ocrx_word' id='word_1_132' title='bbox 1118 1552 1163 1614; x_wconf 90' lang='lat' dir='ltr'>ubi</span> 
     </span>
     <span class='ocr_line' id='line_1_17' title="bbox 186 1632 1163 1708; baseline 0.003 -14"><span class='ocrx_word' id='word_1_133' title='bbox 186 1643 245 1694; x_wconf 89' lang='lat' dir='ltr'>tam</span> <span class='ocrx_word' id='word_1_134' title='bbox 260 1651 390 1708; x_wconf 87' lang='lat' dir='ltr'>aequum</span> <span class='ocrx_word' id='word_1_135' title='bbox 403 1634 533 1695; x_wconf 90' lang='lat' dir='ltr'>iudicem</span> <span class='ocrx_word' id='word_1_136' title='bbox 548 1635 707 1693; x_wconf 66' lang='lat' dir='ltr'>invenies?</span> <span class='ocrx_word' id='word_1_137' title='bbox 726 1632 756 1691; x_wconf 93' lang='lat' dir='ltr'>Is</span> <span class='ocrx_word' id='word_1_138' title='bbox 773 1633 825 1708; x_wconf 92' lang='lat' dir='ltr'>qui</span> <span class='ocrx_word' id='word_1_139' title='bbox 837 1632 947 1693; x_wconf 90' lang='lat' dir='ltr'>nullius</span> <span class='ocrx_word' id='word_1_140' title='bbox 962 1649 1024 1694; x_wconf 93' lang='lat' dir='ltr'>non</span> <span class='ocrx_word' id='word_1_141' title='bbox 1037 1652 1163 1699; x_wconf 83' lang='lat' dir='ltr'>uxorem</span> 
     </span>
     <span class='ocr_line' id='line_1_18' title="bbox 186 1718 1163 1798; baseline 0.004 -21"><span class='ocrx_word' id='word_1_142' title='bbox 186 1719 376 1792; x_wconf 84' lang='lat' dir='ltr'>concupiscit</span> <span class='ocrx_word' id='word_1_143' title='bbox 403 1727 432 1778; x_wconf 90' lang='lat' dir='ltr'>et</span> <span class='ocrx_word' id='word_1_144' title='bbox 458 1718 532 1779; x_wconf 87' lang='lat' dir='ltr'>satis</span> <span class='ocrx_word' id='word_1_145' title='bbox 559 1719 655 1778; x_wconf 92' lang='lat' dir='ltr'>iustas</span> <span class='ocrx_word' id='word_1_146' title='bbox 678 1733 789 1798; x_wconf 88' lang='lat' dir='ltr'>causas</span> <span class='ocrx_word' id='word_1_147' title='bbox 810 1723 895 1793; x_wconf 84' lang='lat' dir='ltr'>putat</span> <span class='ocrx_word' id='word_1_148' title='bbox 915 1719 1058 1795; x_wconf 86' lang='lat' dir='ltr'>amandi,</span> <span class='ocrx_word' id='word_1_149' title='bbox 1087 1720 1163 1798; x_wconf 89' lang='lat' dir='ltr'>quod</span> 
     </span>
     <span class='ocr_line' id='line_1_19' title="bbox 185 1801 1163 1876; baseline 0.006 -18"><span class='ocrx_word' id='word_1_150' title='bbox 185 1802 284 1859; x_wconf 88' lang='lat' dir='ltr'>aliena</span> <span class='ocrx_word' id='word_1_151' title='bbox 299 1810 360 1875; x_wconf 88' lang='lat' dir='ltr'>est,</span> <span class='ocrx_word' id='word_1_152' title='bbox 381 1803 460 1861; x_wconf 90' lang='lat' dir='ltr'>idem</span> <span class='ocrx_word' id='word_1_153' title='bbox 481 1817 608 1861; x_wconf 87' lang='lat' dir='ltr'>uxorem</span> <span class='ocrx_word' id='word_1_154' title='bbox 629 1818 716 1861; x_wconf 90' lang='lat' dir='ltr'>suam</span> <span class='ocrx_word' id='word_1_155' title='bbox 731 1801 850 1876; x_wconf 90' lang='lat' dir='ltr'>adspici</span> <span class='ocrx_word' id='word_1_156' title='bbox 863 1816 925 1860; x_wconf 90' lang='lat' dir='ltr'>nou</span> <span class='ocrx_word' id='word_1_157' title='bbox 939 1803 1015 1862; x_wconf 86' lang='lat' dir='ltr'>vult.</span> <span class='ocrx_word' id='word_1_158' title='bbox 1050 1812 1084 1866; x_wconf 90' lang='lat' dir='ltr'>et</span> <span class='ocrx_word' id='word_1_159' title='bbox 1097 1805 1163 1867; x_wconf 87' lang='lat' dir='ltr'>lidci</span> 
     </span>
     <span class='ocr_line' id='line_1_20' title="bbox 185 1883 1163 1966; baseline 0.008 -24"><span class='ocrx_word' id='word_1_160' title='bbox 185 1885 350 1943; x_wconf 88' lang='lat' dir='ltr'>acerrimus</span> <span class='ocrx_word' id='word_1_161' title='bbox 365 1893 489 1945; x_wconf 85' lang='lat' dir='ltr'>exactor</span> <span class='ocrx_word' id='word_1_162' title='bbox 505 1893 552 1945; x_wconf 90' lang='lat' dir='ltr'>est</span> <span class='ocrx_word' id='word_1_163' title='bbox 566 1885 713 1959; x_wconf 85' lang='lat' dir='ltr'>perfidus.</span> <span class='ocrx_word' id='word_1_164' title='bbox 746 1892 776 1944; x_wconf 90' lang='grc' dir='ltr'>ει</span> <span class='ocrx_word' id='word_1_165' title='bbox 792 1883 950 1945; x_wconf 86' lang='lat' dir='ltr'>mendacia</span> <span class='ocrx_word' id='word_1_166' title='bbox 966 1890 1163 1966; x_wconf 85' lang='lat' dir='ltr'>persequitur</span> 
     </span>
     <span class='ocr_line' id='line_1_21' title="bbox 185 1967 1163 2044; baseline 0.007 -19"><span class='ocrx_word' id='word_1_167' title='bbox 185 1968 253 2042; x_wconf 92' lang='lat' dir='ltr'>ipse</span> <span class='ocrx_word' id='word_1_168' title='bbox 266 1968 415 2041; x_wconf 91' lang='lat' dir='ltr'>periurus.</span> <span class='ocrx_word' id='word_1_169' title='bbox 443 1977 472 2028; x_wconf 89' lang='lat' dir='ltr'>et</span> <span class='ocrx_word' id='word_1_170' title='bbox 491 1969 571 2029; x_wconf 87' lang='lat' dir='ltr'>litem</span> <span class='ocrx_word' id='word_1_171' title='bbox 586 1967 645 2028; x_wconf 93' lang='lat' dir='ltr'>sibi</span> <span class='ocrx_word' id='word_1_172' title='bbox 661 1970 763 2029; x_wconf 87' lang='lat' dir='ltr'>inferri</span> <span class='ocrx_word' id='word_1_173' title='bbox 780 1969 947 2044; x_wconf 83' lang='lat' dir='ltr'>aegerrime</span> <span class='ocrx_word' id='word_1_174' title='bbox 963 1971 1163 2035; x_wconf 81' lang='lat' dir='ltr'>calumniator</span> 
     </span>
     <span class='ocr_line' id='line_1_22' title="bbox 186 2051 1164 2126; baseline 0.007 -17"><span class='ocrx_word' id='word_1_175' title='bbox 186 2051 305 2125; x_wconf 85' lang='lat' dir='ltr'>patitur.</span> <span class='ocrx_word' id='word_1_176' title='bbox 328 2052 502 2126; x_wconf 86' lang='lat' dir='ltr'>pudicitiam</span> <span class='ocrx_word' id='word_1_177' title='bbox 515 2053 705 2113; x_wconf 88' lang='lat' dir='ltr'>servulorum</span> <span class='ocrx_word' id='word_1_178' title='bbox 719 2069 843 2113; x_wconf 92' lang='lat' dir='ltr'>suorum</span> <span class='ocrx_word' id='word_1_179' title='bbox 858 2054 1008 2114; x_wconf 84' lang='lat' dir='ltr'>adtentari</span> <span class='ocrx_word' id='word_1_180' title='bbox 1024 2071 1094 2117; x_wconf 92' lang='lat' dir='ltr'>non</span> <span class='ocrx_word' id='word_1_181' title='bbox 1107 2058 1164 2119; x_wconf 87' lang='lat' dir='ltr'>vult</span> 
     </span>
     <span class='ocr_line' id='line_1_23' title="bbox 156 2133 1165 2215; baseline 0.007 -21"><span class='ocrx_word' id='word_1_182' title='bbox 156 2133 238 2209; x_wconf 86' lang='lat' dir='ltr'>equi</span> <span class='ocrx_word' id='word_1_183' title='bbox 254 2150 313 2194; x_wconf 90' lang='lat' dir='ltr'>non</span> <span class='ocrx_word' id='word_1_184' title='bbox 330 2137 467 2210; x_wconf 88' lang='lat' dir='ltr'>pepercit</span> <span class='ocrx_word' id='word_1_185' title='bbox 480 2153 564 2196; x_wconf 89' lang='lat' dir='ltr'>suae.</span> <span class='ocrx_word' id='word_1_186' title='bbox 593 2138 701 2196; x_wconf 84' lang='lat' dir='ltr'>Aliena</span> <span class='ocrx_word' id='word_1_187' title='bbox 715 2137 787 2197; x_wconf 87' lang='lat' dir='ltr'>vitia</span> <span class='ocrx_word' id='word_1_188' title='bbox 801 2137 831 2196; x_wconf 94' lang='lat' dir='ltr'>in</span> <span class='ocrx_word' id='word_1_189' title='bbox 848 2135 945 2197; x_wconf 92' lang='lat' dir='ltr'>oculis</span> <span class='ocrx_word' id='word_1_190' title='bbox 958 2138 1131 2215; x_wconf 87' lang='lat' dir='ltr'>habemus,</span> <span class='ocrx_word' id='word_1_191' title='bbox 1149 2156 1165 2201; x_wconf 83' lang='lat' dir='ltr'>e</span> 
     </span>
     <span class='ocr_line' id='line_1_24' title="bbox 185 2220 1164 2296; baseline 0.006 -18"><span class='ocrx_word' id='word_1_192' title='bbox 185 2228 268 2291; x_wconf 81' lang='lat' dir='ltr'>tergo</span> <span class='ocrx_word' id='word_1_193' title='bbox 291 2226 396 2280; x_wconf 88' lang='lat' dir='ltr'>nostra</span> <span class='ocrx_word' id='word_1_194' title='bbox 416 2228 500 2280; x_wconf 69' lang='lat' dir='ltr'>sunta</span> <span class='ocrx_word' id='word_1_195' title='bbox 525 2220 596 2280; x_wconf 88' lang='lat' dir='ltr'>iude</span> <span class='ocrx_word' id='word_1_196' title='bbox 614 2229 674 2292; x_wconf 87' lang='lat' dir='ltr'>est,</span> <span class='ocrx_word' id='word_1_197' title='bbox 697 2220 781 2296; x_wconf 92' lang='lat' dir='ltr'>quod</span> <span class='ocrx_word' id='word_1_198' title='bbox 796 2220 977 2295; x_wconf 87' lang='lat' dir='ltr'>tempestiva</span> <span class='ocrx_word' id='word_1_199' title='bbox 990 2221 1048 2281; x_wconf 89' lang='lat' dir='ltr'>filii</span> <span class='ocrx_word' id='word_1_200' title='bbox 1063 2225 1164 2286; x_wconf 83' lang='lat' dir='ltr'>convi-</span> 
     </span>
     <span class='ocr_line' id='line_1_25' title="bbox 183 2302 1163 2379; baseline 0.011 -18"><span class='ocrx_word' id='word_1_201' title='bbox 183 2302 233 2361; x_wconf 91' lang='lat' dir='ltr'>via</span> <span class='ocrx_word' id='word_1_202' title='bbox 253 2312 339 2377; x_wconf 87' lang='lat' dir='ltr'>pater</span> <span class='ocrx_word' id='word_1_203' title='bbox 359 2305 490 2364; x_wconf 89' lang='lat' dir='ltr'>deterior</span> <span class='ocrx_word' id='word_1_204' title='bbox 512 2305 574 2365; x_wconf 91' lang='lat' dir='ltr'>lilio</span> <span class='ocrx_word' id='word_1_205' title='bbox 599 2305 725 2379; x_wconf 87' lang='lat' dir='ltr'>castigat</span> <span class='ocrx_word' id='word_1_206' title='bbox 746 2313 775 2364; x_wconf 92' lang='lat' dir='ltr'>et</span> <span class='ocrx_word' id='word_1_207' title='bbox 795 2304 868 2364; x_wconf 93' lang='lat' dir='ltr'>nihil</span> <span class='ocrx_word' id='word_1_208' title='bbox 888 2304 1009 2364; x_wconf 88' lang='lat' dir='ltr'>alienae</span> <span class='ocrx_word' id='word_1_209' title='bbox 1024 2307 1163 2371; x_wconf 71' lang='lat' dir='ltr'>luxumee</span> 
     </span>
     <span class='ocr_line' id='line_1_26' title="bbox 183 2388 1163 2467; baseline 0.008 -20"><span class='ocrx_word' id='word_1_210' title='bbox 183 2388 314 2462; x_wconf 80' lang='lat' dir='ltr'>ignoscit</span> <span class='ocrx_word' id='word_1_211' title='bbox 334 2388 386 2464; x_wconf 93' lang='lat' dir='ltr'>qui</span> <span class='ocrx_word' id='word_1_212' title='bbox 407 2389 479 2448; x_wconf 90' lang='lat' dir='ltr'>nihil</span> <span class='ocrx_word' id='word_1_213' title='bbox 500 2405 575 2448; x_wconf 90' lang='lat' dir='ltr'>suae</span> <span class='ocrx_word' id='word_1_214' title='bbox 596 2388 725 2463; x_wconf 83' lang='lat' dir='ltr'>negavit.</span> <span class='ocrx_word' id='word_1_215' title='bbox 764 2395 794 2448; x_wconf 89' lang='grc' dir='ltr'>ει</span> <span class='ocrx_word' id='word_1_216' title='bbox 813 2388 984 2448; x_wconf 90' lang='lat' dir='ltr'>homicidae</span> <span class='ocrx_word' id='word_1_217' title='bbox 1012 2397 1163 2467; x_wconf 81' lang='lat' dir='ltr'>tyrannus</span> 
     </span>
     <span class='ocr_line' id='line_1_27' title="bbox 184 2471 1164 2547; baseline 0.009 -17"><span class='ocrx_word' id='word_1_218' title='bbox 184 2471 323 2532; x_wconf 89' lang='lat' dir='ltr'>irascitur</span> <span class='ocrx_word' id='word_1_219' title='bbox 337 2479 366 2531; x_wconf 89' lang='lat' dir='ltr'>et</span> <span class='ocrx_word' id='word_1_220' title='bbox 385 2473 472 2547; x_wconf 89' lang='lat' dir='ltr'>punit</span> <span class='ocrx_word' id='word_1_221' title='bbox 485 2474 565 2532; x_wconf 83' lang='lat' dir='ltr'>furta</span> <span class='ocrx_word' id='word_1_222' title='bbox 578 2472 755 2546; x_wconf 81' lang='lat' dir='ltr'>sacrilegus.</span> <span class='ocrx_word' id='word_1_223' title='bbox 788 2472 899 2546; x_wconf 83' lang='lat' dir='ltr'>Magna</span> <span class='ocrx_word' id='word_1_224' title='bbox 914 2488 988 2547; x_wconf 92' lang='lat' dir='ltr'>pars</span> <span class='ocrx_word' id='word_1_225' title='bbox 1006 2472 1164 2539; x_wconf 84' lang='lat' dir='ltr'>hominum</span> 
     </span>
     <span class='ocr_line' id='line_1_28' title="bbox 184 2555 1165 2631; baseline 0.009 -18"><span class='ocrx_word' id='word_1_226' title='bbox 184 2562 231 2615; x_wconf 84' lang='lat' dir='ltr'>est</span> <span class='ocrx_word' id='word_1_227' title='bbox 247 2573 325 2630; x_wconf 86' lang='lat' dir='ltr'>quae</span> <span class='ocrx_word' id='word_1_228' title='bbox 340 2574 400 2616; x_wconf 92' lang='lat' dir='ltr'>non</span> <span class='ocrx_word' id='word_1_229' title='bbox 420 2557 553 2631; x_wconf 88' lang='lat' dir='ltr'>peccatis</span> <span class='ocrx_word' id='word_1_230' title='bbox 568 2557 721 2628; x_wconf 87' lang='lat' dir='ltr'>irascitur,</span> <span class='ocrx_word' id='word_1_231' title='bbox 744 2557 801 2616; x_wconf 91' lang='lat' dir='ltr'>sed</span> <span class='ocrx_word' id='word_1_232' title='bbox 821 2555 1031 2631; x_wconf 87' lang='lat' dir='ltr'>peccantibus.</span> <span class='ocrx_word' id='word_1_233' title='bbox 1062 2559 1165 2621; x_wconf 83' lang='lat' dir='ltr'>Faciet</span> 
     </span>
     <span class='ocr_line' id='line_1_29' title="bbox 184 2640 1164 2715; baseline 0.003 -19"><span class='ocrx_word' id='word_1_234' title='bbox 184 2654 241 2697; x_wconf 92' lang='lat' dir='ltr'>nos</span> <span class='ocrx_word' id='word_1_235' title='bbox 255 2640 475 2700; x_wconf 87' lang='lat' dir='ltr'>moderatiores</span> <span class='ocrx_word' id='word_1_236' title='bbox 490 2647 650 2715; x_wconf 90' lang='lat' dir='ltr'>respectus</span> <span class='ocrx_word' id='word_1_237' title='bbox 666 2641 771 2714; x_wconf 91' lang='lat' dir='ltr'>nostri,</span> <span class='ocrx_word' id='word_1_238' title='bbox 789 2640 815 2699; x_wconf 91' lang='lat' dir='ltr'>si</span> <span class='ocrx_word' id='word_1_239' title='bbox 830 2640 1082 2704; x_wconf 86' lang='lat' dir='ltr'>consuluerimus</span> <span class='ocrx_word' id='word_1_240' title='bbox 1095 2660 1164 2706; x_wconf 71' lang='lat' dir='ltr'>nosr</span> 
     </span>
     <span class='ocr_line' id='line_1_30' title="bbox 183 2721 1165 2800; baseline 0.009 -22"><span class='ocrx_word' id='word_1_241' title='bbox 183 2721 329 2797; x_wconf 91' lang='lat' dir='ltr'>numquid</span> <span class='ocrx_word' id='word_1_242' title='bbox 349 2731 378 2782; x_wconf 88' lang='lat' dir='ltr'>et</span> <span class='ocrx_word' id='word_1_243' title='bbox 401 2724 461 2798; x_wconf 92' lang='lat' dir='ltr'>ipsi</span> <span class='ocrx_word' id='word_1_244' title='bbox 483 2724 596 2798; x_wconf 90' lang='lat' dir='ltr'>aliquid</span> <span class='ocrx_word' id='word_1_245' title='bbox 617 2726 676 2783; x_wconf 88' lang='lat' dir='ltr'>tale</span> <span class='ocrx_word' id='word_1_246' title='bbox 696 2722 925 2784; x_wconf 67' lang='lat' dir='ltr'>commisimus?</span> <span class='ocrx_word' id='word_1_247' title='bbox 944 2727 1103 2800; x_wconf 89' lang='lat' dir='ltr'>numquid</span> <span class='ocrx_word' id='word_1_248' title='bbox 1123 2728 1165 2791; x_wconf 87' lang='lat' dir='ltr'>sic</span> 
     </span>
     <span class='ocr_line' id='line_1_31' title="bbox 183 2804 1196 2883; baseline 0.004 -21"><span class='ocrx_word' id='word_1_249' title='bbox 183 2804 370 2866; x_wconf 75' lang='lat' dir='ltr'>erravimus?</span> <span class='ocrx_word' id='word_1_250' title='bbox 390 2809 553 2883; x_wconf 84' lang='lat' dir='ltr'>expeditne</span> <span class='ocrx_word' id='word_1_251' title='bbox 569 2807 657 2866; x_wconf 89' lang='lat' dir='ltr'>nobis</span> <span class='ocrx_word' id='word_1_252' title='bbox 674 2807 732 2867; x_wconf 89' lang='lat' dir='ltr'>ista</span> <span class='ocrx_word' id='word_1_253' title='bbox 748 2808 913 2867; x_wconf 78' lang='lat' dir='ltr'>damnaret</span> <span class='ocrx_word' id='word_1_254' title='bbox 1193 2820 1196 2825; x_wconf 87' lang='lat'>·</span> 
     </span>
     <span class='ocr_line' id='line_1_32' title="bbox 243 2888 1165 2957; baseline 0.01 -9"><span class='ocrx_word' id='word_1_255' title='bbox 243 2888 346 2948; x_wconf 83' lang='lat' dir='ltr'>XXIX.</span> <span class='ocrx_word' id='word_1_256' title='bbox 367 2889 531 2951; x_wconf 87' lang='lat' dir='ltr'>Maximum</span> <span class='ocrx_word' id='word_1_257' title='bbox 546 2891 711 2951; x_wconf 87' lang='lat' dir='ltr'>remedium</span> <span class='ocrx_word' id='word_1_258' title='bbox 725 2891 788 2950; x_wconf 89' lang='lat' dir='ltr'>irae</span> <span class='ocrx_word' id='word_1_259' title='bbox 803 2907 886 2952; x_wconf 88' lang='lat' dir='ltr'>mora</span> <span class='ocrx_word' id='word_1_260' title='bbox 901 2898 956 2951; x_wconf 87' lang='grc' dir='ltr'><strong>εει.</strong></span> <span class='ocrx_word' id='word_1_261' title='bbox 976 2890 1046 2953; x_wconf 87' lang='grc' dir='ltr'><strong>Ηοε</strong></span> <span class='ocrx_word' id='word_1_262' title='bbox 1062 2895 1105 2956; x_wconf 86' lang='lat' dir='ltr'>ab</span> <span class='ocrx_word' id='word_1_263' title='bbox 1118 2896 1165 2957; x_wconf 85' lang='lat' dir='ltr'>illt</span> 
     </span>
     <span class='ocr_line' id='line_1_33' title="bbox 182 2972 1164 3055; baseline 0.008 -24"><span class='ocrx_word' id='word_1_264' title='bbox 182 2978 252 3046; x_wconf 89' lang='lat' dir='ltr'>pete</span> <span class='ocrx_word' id='word_1_265' title='bbox 272 2972 372 3046; x_wconf 92' lang='lat' dir='ltr'>initio,</span> <span class='ocrx_word' id='word_1_266' title='bbox 393 2991 454 3034; x_wconf 91' lang='lat' dir='ltr'>non</span> <span class='ocrx_word' id='word_1_267' title='bbox 475 2983 508 3035; x_wconf 91' lang='lat' dir='ltr'>ut</span> <span class='ocrx_word' id='word_1_268' title='bbox 527 2975 680 3050; x_wconf 82' lang='lat' dir='ltr'>ignoscat,</span> <span class='ocrx_word' id='word_1_269' title='bbox 701 2976 757 3036; x_wconf 90' lang='lat' dir='ltr'>sed</span> <span class='ocrx_word' id='word_1_270' title='bbox 778 2981 810 3035; x_wconf 91' lang='lat' dir='ltr'>ut</span> <span class='ocrx_word' id='word_1_271' title='bbox 829 2975 955 3034; x_wconf 69' lang='lat' dir='ltr'>iudicate</span> <span class='ocrx_word' id='word_1_272' title='bbox 975 2975 1119 3055; x_wconf 87' lang='lat' dir='ltr'>desinet,</span> <span class='ocrx_word' id='word_1_273' title='bbox 1140 2978 1164 3039; x_wconf 88' lang='lat' dir='ltr'>sl</span> 
     </span>
     <span class='ocr_line' id='line_1_34' title="bbox 182 3059 1164 3138; baseline 0.007 -25"><span class='ocrx_word' id='word_1_274' title='bbox 182 3063 349 3131; x_wconf 84' lang='lat' dir='ltr'>exspectat.</span> <span class='ocrx_word' id='word_1_275' title='bbox 377 3073 433 3117; x_wconf 90' lang='lat' dir='ltr'>uec</span> <span class='ocrx_word' id='word_1_276' title='bbox 453 3059 627 3119; x_wconf 89' lang='lat' dir='ltr'>universam</span> <span class='ocrx_word' id='word_1_277' title='bbox 641 3060 722 3119; x_wconf 87' lang='lat' dir='ltr'>illam</span> <span class='ocrx_word' id='word_1_278' title='bbox 737 3059 932 3134; x_wconf 89' lang='lat' dir='ltr'>temptaveris</span> <span class='ocrx_word' id='word_1_279' title='bbox 947 3059 1068 3119; x_wconf 86' lang='lat' dir='ltr'>tollere.</span> <span class='ocrx_word' id='word_1_280' title='bbox 1099 3078 1164 3138; x_wconf 70' lang='lat' dir='ltr'>gra</span> 
     </span>
     <span class='ocr_line' id='line_1_35' title="bbox 184 3139 1164 3218; baseline 0.009 -22"><span class='ocrx_word' id='word_1_281' title='bbox 184 3153 237 3198; x_wconf 90' lang='lat' dir='ltr'>ves</span> <span class='ocrx_word' id='word_1_282' title='bbox 259 3139 351 3200; x_wconf 88' lang='lat' dir='ltr'>habet</span> <span class='ocrx_word' id='word_1_283' title='bbox 369 3139 490 3215; x_wconf 91' lang='lat' dir='ltr'>inpetus</span> <span class='ocrx_word' id='word_1_284' title='bbox 511 3143 642 3217; x_wconf 83' lang='lat' dir='ltr'>primos:</span> <span class='ocrx_word' id='word_1_285' title='bbox 671 3149 734 3202; x_wconf 89' lang='lat' dir='ltr'>tota</span> <span class='ocrx_word' id='word_1_286' title='bbox 754 3143 905 3217; x_wconf 88' lang='lat' dir='ltr'>vincetur,</span> <span class='ocrx_word' id='word_1_287' title='bbox 928 3143 1001 3202; x_wconf 90' lang='lat' dir='ltr'>dum</span> <span class='ocrx_word' id='word_1_288' title='bbox 1023 3146 1164 3218; x_wconf 74' lang='lat' dir='ltr'>partibus</span> 
     </span>
     <span class='ocr_line' id='line_1_36' title="bbox 153 3221 1164 3300; baseline 0.011 -19"><span class='ocrx_word' id='word_1_289' title='bbox 153 3221 324 3297; x_wconf 72' lang='lat' dir='ltr'>acarpitur.</span> <span class='ocrx_word' id='word_1_290' title='bbox 356 3223 405 3283; x_wconf 84' lang='lat' dir='ltr'>Ex</span> <span class='ocrx_word' id='word_1_291' title='bbox 427 3223 474 3286; x_wconf 93' lang='lat' dir='ltr'>his</span> <span class='ocrx_word' id='word_1_292' title='bbox 496 3242 576 3300; x_wconf 85' lang='lat' dir='ltr'>quae</span> <span class='ocrx_word' id='word_1_293' title='bbox 595 3242 653 3285; x_wconf 91' lang='lat' dir='ltr'>nos</span> <span class='ocrx_word' id='word_1_294' title='bbox 675 3225 849 3298; x_wconf 84' lang='lat' dir='ltr'>offendunt,</span> <span class='ocrx_word' id='word_1_295' title='bbox 871 3226 930 3285; x_wconf 90' lang='lat' dir='ltr'>alia</span> <span class='ocrx_word' id='word_1_296' title='bbox 950 3228 1164 3291; x_wconf 78' lang='lat' dir='ltr'>renuntiantur</span> 
     </span>
     <span class='ocr_line' id='line_1_37' title="bbox 182 3304 1165 3385; baseline 0.01 -22"><span class='ocrx_word' id='word_1_297' title='bbox 182 3304 280 3379; x_wconf 89' lang='lat' dir='ltr'>nobis,</span> <span class='ocrx_word' id='word_1_298' title='bbox 295 3306 355 3365; x_wconf 89' lang='lat' dir='ltr'>alia</span> <span class='ocrx_word' id='word_1_299' title='bbox 370 3306 428 3382; x_wconf 90' lang='lat' dir='ltr'>ipsi</span> <span class='ocrx_word' id='word_1_300' title='bbox 443 3309 582 3369; x_wconf 89' lang='lat' dir='ltr'>audimus</span> <span class='ocrx_word' id='word_1_301' title='bbox 598 3316 648 3368; x_wconf 87' lang='lat' dir='ltr'>aut</span> <span class='ocrx_word' id='word_1_302' title='bbox 663 3308 811 3370; x_wconf 88' lang='lat' dir='ltr'>videmus.</span> <span class='ocrx_word' id='word_1_303' title='bbox 833 3311 878 3370; x_wconf 88' lang='lat' dir='ltr'>De</span> <span class='ocrx_word' id='word_1_304' title='bbox 892 3310 930 3369; x_wconf 91' lang='lat' dir='ltr'>iis</span> <span class='ocrx_word' id='word_1_305' title='bbox 946 3325 1026 3385; x_wconf 85' lang='lat' dir='ltr'>quae</span> <span class='ocrx_word' id='word_1_306' title='bbox 1040 3321 1165 3375; x_wconf 75' lang='lat' dir='ltr'>uanam</span> 
     </span>
     <span class='ocr_line' id='line_1_38' title="bbox 182 3391 1164 3463; baseline 0.01 -15"><span class='ocrx_word' id='word_1_307' title='bbox 182 3395 266 3463; x_wconf 90' lang='lat' dir='ltr'>sunt,</span> <span class='ocrx_word' id='word_1_308' title='bbox 288 3405 350 3450; x_wconf 90' lang='lat' dir='ltr'>non</span> <span class='ocrx_word' id='word_1_309' title='bbox 365 3391 511 3452; x_wconf 90' lang='lat' dir='ltr'>debemus</span> <span class='ocrx_word' id='word_1_310' title='bbox 526 3394 584 3453; x_wconf 92' lang='lat' dir='ltr'>cito</span> <span class='ocrx_word' id='word_1_311' title='bbox 601 3392 741 3452; x_wconf 88' lang='lat' dir='ltr'>credere:</span> <span class='ocrx_word' id='word_1_312' title='bbox 764 3395 846 3454; x_wconf 91' lang='lat' dir='ltr'>multi</span> <span class='ocrx_word' id='word_1_313' title='bbox 861 3394 1047 3454; x_wconf 86' lang='lat' dir='ltr'>mentiuntur</span> <span class='ocrx_word' id='word_1_314' title='bbox 1063 3404 1101 3458; x_wconf 90' lang='lat' dir='ltr'>ut</span> <span class='ocrx_word' id='word_1_315' title='bbox 1114 3398 1164 3457; x_wconf 86' lang='lat' dir='ltr'>de·</span> 
     </span>
     <span class='ocr_line' id='line_1_39' title="bbox 182 3471 1162 3557; baseline 0.008 -24"><span class='ocrx_word' id='word_1_316' title='bbox 182 3471 307 3547; x_wconf 87' lang='lat' dir='ltr'>cipiant,</span> <span class='ocrx_word' id='word_1_317' title='bbox 330 3475 427 3547; x_wconf 91' lang='lat' dir='ltr'>multi,</span> <span class='ocrx_word' id='word_1_318' title='bbox 450 3476 521 3549; x_wconf 90' lang='lat' dir='ltr'>quia</span> <span class='ocrx_word' id='word_1_319' title='bbox 535 3476 653 3549; x_wconf 88' lang='lat' dir='ltr'>decepti</span> <span class='ocrx_word' id='word_1_320' title='bbox 670 3484 749 3537; x_wconf 92' lang='lat' dir='ltr'>sunt.</span> <span class='ocrx_word' id='word_1_321' title='bbox 778 3477 854 3537; x_wconf 89' lang='lat' dir='ltr'>alius</span> <span class='ocrx_word' id='word_1_322' title='bbox 870 3475 1083 3541; x_wconf 87' lang='lat' dir='ltr'>criminatione</span> <span class='ocrx_word' id='word_1_323' title='bbox 1096 3494 1162 3557; x_wconf 67' lang='lat' dir='ltr'>gre·</span> 
     </span>
    </p>
   </div>
   <div class='ocr_carea' id='block_1_3' title="bbox 0 0 1224 3968">
    <p class='ocr_par' dir='ltr' id='par_1_3' title="bbox 0 0 1224 3968">
     <span class='ocr_line' id='line_1_40' title="bbox 0 0 1224 3968; baseline 0 0"><span class='ocrx_word' id='word_1_324' title='bbox 0 0 1224 3968; x_wconf 95' lang='lat' dir='ltr'> </span> 
     </span>
    </p>
   </div>
  </div>
 </body>
</html>
