2438 3968
249 247 351 308 DIAL.
366 247 416 308 111.
440 246 491 308 DE
513 247 582 307 IRA
601 248 674 306 LIB.
699 248 721 305 Ι.
743 256 841 310 3—6.
993 245 1036 309 39

55 403 127 462 dam
141 415 254 461 saevae
268 416 375 474 manu,
395 401 497 460 verbis
513 398 678 476 parciores.
716 403 865 476 quaedam
880 401 909 463 in
926 403 1035 464 verbo·

53 503 122 546 rum
148 483 439 558 maledictorumque
463 485 693 545 amaritudinem
720 485 846 546 effusae.
884 486 1034 562 quaedam

54 572 136 630 ultra
151 569 293 644 querelas
308 576 338 628 et
352 569 583 629 adversationes
599 586 660 630 non
675 576 796 629 exeunt.
831 572 981 646 quaedam
993 572 1035 630 al-

54 662 105 714 tae
119 667 294 728 gravesque
308 661 379 714 sunt
398 661 428 714 et
448 654 598 714 introrsus
615 668 731 713 versae.
774 653 845 715 Mile
866 655 944 715 aliae
965 670 1035 729 spe-

56 736 121 798 cies
137 745 209 797 sunt
223 737 293 796 mali
307 736 490 812 multiplicis.

121 822 159 881 V.
199 820 295 894 Quid
317 828 426 882 esset
444 820 501 881 ira
523 821 741 895 quaesitum
763 830 835 895 est,
858 839 901 882 an
923 822 957 881 in
979 823 1067 901 ιιι-1

56 907 132 966 lum
157 905 263 965 aliud
287 905 429 966 animal
455 921 562 980 quam
587 905 622 964 in
648 904 837 966 hominem
863 906 1036 982 caderet,

58 1005 132 1065 quo
147 988 411 1050 abitacundia
426 989 643 1050 distaretet
659 1006 756 1064 quae
771 991 854 1051 eius
876 990 1036 1066 species

53 1080 207 1134 essent:
229 1089 326 1133 nunc
342 1089 588 1148 quaeramus,
608 1073 950 1136 anirasecundum
972 1091 1035 1135 na·

57 1167 179 1219 turam
194 1158 353 1218 sitetan
369 1156 480 1218 utilis
496 1165 611 1232 atque
629 1175 674 1217 ex
694 1160 826 1232 aliqua
847 1167 957 1234 parte
976 1170 1036 1219 re·

57 1242 230 1304 linenda.

120 1327 175 1386 An
200 1326 410 1385 secundum
437 1333 608 1385 naturam
630 1326 681 1384 sit
700 1326 891 1386 manifestum
911 1329 983 1398 erit,
1010 1327 1066 1395 sin

57 1409 213 1472 bominem
227 1408 467 1484 inspexerimusz
484 1425 545 1485 quo
562 1409 636 1484 quid
647 1418 695 1469 est
706 1409 814 1482 mitius,
828 1409 939 1468 domin
953 1416 1036 1469 recto

59 1493 151 1554 animi
173 1493 277 1553 habitu
292 1498 360 1554 est?
391 1493 463 1568 quid
488 1501 588 1555 autem
612 1493 658 1551 ira
682 1491 836 1553 crudelius
858 1499 925 1552 est?
960 1492 1037 1566 Quid

58 1576 182 1641 homine
197 1577 325 1637 aliorum
340 1577 512 1637 amantius?
544 1576 617 1651 quid
638 1576 683 1634 ira
698 1576 860 1637 infestius?
893 1577 992 1636 Homo
1007 1578 1037 1636 in

59 1661 243 1722 adiutorium
257 1667 392 1721 mutuum
407 1661 527 1735 genitus
543 1668 604 1733 est,
626 1659 672 1718 ira
685 1660 716 1719 in
731 1660 866 1721 exitium.
898 1659 949 1720 hic
965 1677 1037 1721 con·

60 1745 180 1820 gregari
196 1746 266 1816 vult,
283 1745 333 1804 illa
348 1744 517 1804 discedere.
540 1743 589 1803 hic
604 1743 764 1818 prodesse,
779 1744 830 1804 illa
843 1759 965 1804 nocere.
988 1743 1038 1804 hic

60 1830 150 1890 eliam
174 1826 286 1903 ignotis
307 1843 501 1902 succurrere,
529 1827 581 1888 illa
601 1826 690 1886 otiam
705 1827 880 1889 carissimos
896 1830 1037 1903 perdere.

59 1914 109 1973 bic
124 1913 249 1973 aliorum
266 1912 465 1973 incommodis
480 1911 529 1972 vel
544 1912 710 1987 inpendere
724 1927 759 1971 se
774 1919 897 1986 paratus
912 1920 972 1988 est,
988 1913 1039 1972 illa

59 1998 90 2056 in
107 1996 283 2072 periculum,
300 1996 466 2057 dummodo
483 1996 623 2070 deducat,
640 1996 839 2056 descendere.
872 1996 946 2070 Quis
964 2012 1066 2071 ergog

59 2082 158 2156 magis
173 2088 309 2141 naturam
324 2080 442 2154 ignorat
456 2097 557 2140 rerum
573 2096 663 2155 quam
680 2079 732 2154 qui
748 2080 861 2155 optimo
873 2081 938 2140 eius
951 2080 1038 2155 operi

60 2173 92 2226 et
105 2165 352 2226 emendatissimo
367 2164 426 2224 hoc
441 2166 537 2224 lerum
553 2179 590 2223 ac
604 2165 809 2238 perniciosum
830 2165 934 2225 vitium
956 2165 1036 2224 adsi·

60 2255 154 2325 gnati
173 2251 230 2327 ira,
245 2256 279 2310 ut
293 2247 433 2320 diximus,
450 2249 540 2308 avida
556 2263 676 2322 poenae
690 2255 745 2323 est,
760 2248 848 2309 cuius
864 2247 1038 2322 cupidinem

61 2335 166 2393 inesse
196 2332 391 2407 pacatissimo
420 2332 551 2392 hominis
582 2332 698 2407 pectori
724 2331 845 2392 minime
869 2331 1038 2391 secuudum

62 2417 131 2477 eius
146 2423 283 2477 naturam
297 2423 353 2476 est.
387 2415 545 2476 beneficiis
560 2416 639 2475 enirn
654 2415 786 2475 humana
800 2416 861 2474 vita
876 2422 996 2475 constat
1010 2422 1040 2477 et

63 2500 245 2572 concordia,
259 2517 317 2561 nec
331 2507 457 2571 terrore,
475 2501 532 2559 sed
547 2508 651 2559 mutuo
666 2515 770 2558 amore
783 2499 812 2558 in
829 2500 939 2559 foedus
956 2498 1039 2558 auxi·

61 2585 199 2658 liumque
214 2599 374 2644 commune
390 2583 612 2656 constringitur.

127 2668 179 2727 vl.
213 2667 290 2741 Quid
306 2673 401 2741 ergot
432 2683 493 2725 non
508 2667 673 2742 aliquando
692 2668 849 2741 castigatio
865 2666 1063 2731 necessaria]

62 2759 132 2814 esti
164 2751 292 2827 quidni?
323 2750 380 2812 sed
394 2751 470 2810 haee
486 2751 620 2822 sincera,
637 2767 704 2810 curu
719 2752 845 2811 ratione.
883 2748 1040 2811 nonenim

62 2843 163 2910 nocet,
176 2836 234 2896 sed
244 2836 382 2895 medetur
393 2834 497 2909 specie
509 2834 649 2894 nocendi.
676 2834 935 2908 Quemadmodum
947 2849 1040 2910 quae·

63 2921 137 2981 dam
151 2919 272 2980 hastilia
286 2921 405 2979 detorta
418 2927 452 2978 ut
473 2919 676 2992 corrigamus,
697 2919 853 2978 adurimus
873 2924 903 2978 et
924 2916 1040 2978 adactis

63 3002 187 3079 cuneis,
209 3020 270 3064 non
285 3011 319 3063 ut
333 3003 524 3078 frangamus,
547 3003 604 3062 sed
619 3009 652 3062 ui
666 3003 869 3079 explicemus,
885 3003 1040 3063 elidimus=

63 3087 111 3149 sic
125 3088 246 3164 ingenia
260 3087 333 3148 vitio
348 3102 444 3162 prava
459 3085 566 3147 dolore
581 3086 721 3160 corporis
741 3087 895 3161 animique
916 3083 1041 3161 corrigi·

62 3188 145 3240 mus.
176 3171 292 3246 Nempe
304 3171 441 3231 medicus
457 3168 555 3244 primo
570 3168 599 3229 iu
616 3170 733 3230 levibus
748 3170 828 3230 vitiis
843 3177 970 3245 temptat
980 3182 1071 3235 nont

63 3256 191 3318 multum
206 3271 246 3315 ex
262 3253 415 3316 cotidiana
430 3254 651 3314 consuetudine
665 3252 821 3315 inflectere
836 3262 866 3314 et
879 3255 970 3329 cibis,
986 3270 1040 3330 po-

62 3338 215 3414 tionibus,
241 3339 507 3400 exercitationibus
530 3338 666 3401 ordinem
684 3337 832 3413 inponere
852 3354 888 3398 ac
903 3338 1042 3400 valitudi-

62 3440 135 3488 nem
149 3430 265 3485 tantum
279 3429 393 3484 mutata
407 3424 486 3483 vitae
502 3420 703 3497 dispositione
718 3421 848 3483 firmare.
871 3423 1041 3498 proximum

64 3516 129 3578 esi,
155 3515 188 3568 ut
212 3509 323 3572 modus
345 3507 494 3581 proficiat.
528 3507 554 3567 si
574 3505 684 3567 modus
701 3513 732 3567 et
746 3506 822 3567 ordo
837 3522 898 3567 non
912 3504 1040 3583 proficit,
