2438 3968
124 211 187 309 '136
300 213 347 307 ¹L.
368 213 513 272 ANNAEI
533 212 708 273 SENECAE
730 210 830 272 alal..
852 209 905 268 vt.

126 367 205 462 ciam·
227 365 348 424 videres
376 366 503 425 senilem
534 365 564 425 in
592 367 704 430 iuuene
729 363 929 440 prudentiam,
955 361 1102 422 victorem

127 465 259 544 omnium
276 450 461 544 uoluptatum
477 449 618 523 animum,
634 449 834 521 emendatum,
850 452 1003 506 carentem
1018 444 1101 516 vitio,

124 533 246 629 drvrtras
262 548 328 592 sine
343 533 483 605 avaritia,
503 533 637 592 honores
652 534 719 593 sine
734 530 914 604 ambitione,
928 531 1103 604 voluptates

126 631 193 675 sine
207 615 327 712 luxuria
341 616 550 690 adpetentem,
572 617 625 677 diu
638 617 692 677 tibi
709 615 840 691 putabas
855 614 939 673 illum
953 612 1103 687 sospitem

127 714 222 795 posse
246 706 443 773 contingeret
474 699 624 774 Quicquid
651 702 691 759 ad
712 714 862 760 summum
884 697 1039 772 pervenit,
1065 695 1105 754 ad

126 788 239 878 eurtum
260 798 356 857 prope
378 790 434 842 est.
462 784 551 858 eripit
570 799 605 842 se
621 784 782 858 aufertque
796 797 836 840 ex
851 781 949 841 oculis
966 779 1105 855 perlecta

128 872 238 939 virtus,
269 881 325 924 nec
345 865 481 925 ultimum
502 876 623 941 tempus
648 872 830 942 exspectant
850 881 930 938 quae
950 864 981 922 in
1005 862 1104 937 primo

97 953 344 1044 ematuruerunt.
369 949 453 1024 Ignis
469 966 529 1024 quo
547 951 657 1009 clarior
671 949 768 1023 lulsit,
785 948 874 1030 citius
891 946 1106 1020 exstinguitur.

127 1047 264 1092 vivacior
277 1037 334 1102 est,
352 1033 487 1106 quicum
502 1033 584 1093 lenta
599 1049 635 1092 ac
651 1032 767 1093 diliicili
782 1033 908 1091 materia
919 1028 1107 1090 commissus

128 1114 274 1188 fumoque
289 1115 448 1175 demersus
464 1131 503 1174 ex
520 1117 647 1176 sordido
664 1119 752 1176 lucet.
772 1115 880 1174 eadem
896 1114 977 1173 enim
993 1113 1109 1173 detinet

129 1212 225 1293 causa
239 1214 328 1272 quae,
342 1200 473 1272 maligne
487 1200 554 1259 alit:
571 1201 616 1259 sic
631 1200 823 1274 ingeniaque
836 1197 1022 1265 inlustriora,
1039 1194 1107 1255 bre-

130 1295 216 1339 viora
234 1290 312 1342 sunt.
346 1298 414 1340 nam
439 1283 488 1342 ubi
508 1285 694 1344 incremento
716 1284 802 1344 locus
824 1288 962 1354 nonest,
989 1281 1109 1340 vicinus

102 1363 262 1461 boccasus
277 1371 333 1425 est.
355 1365 509 1427 Fabianus
524 1369 579 1441 ait,
595 1369 625 1426 id
641 1369 724 1441 quod
739 1366 836 1426 nostri
853 1367 982 1441 quoque
999 1379 1108 1438 paren—

130 1454 177 1507 tes
199 1449 319 1546 vrdere,
346 1466 474 1525 puerum
496 1452 611 1512 Romae
634 1451 729 1511 luisse
750 1456 866 1510 statura
886 1447 1020 1524 ingentis
1044 1447 1110 1505 viri.

132 1532 252 1597 sedhic
268 1533 327 1595 cito
344 1535 494 1608 decessit,
515 1543 619 1596 elnon
635 1535 812 1596 moriturum
828 1533 914 1594 brevi
929 1547 1022 1591 nemo
1040 1546 1109 1606 pru·

133 1615 209 1675 dens
225 1617 309 1678 dixit.
339 1636 410 1679 non·
416 1627 534 1696 poterat
547 1621 626 1679 enim
642 1619 683 1678 ad
697 1619 776 1678 illam
791 1623 922 1677 aetatem
938 1615 1109 1690 pervenire,

135 1712 451 1797 quampraeceperat.
474 1704 519 1764 lta
534 1711 595 1764 est=
616 1701 759 1763 indicium
775 1707 821 1760 est
836 1699 1012 1759 inminentis
1029 1697 1112 1756 exitii

134 1790 290 1846 maturitas
305 1795 336 1848 et
348 1789 466 1863 adpetit
479 1787 549 1849 finis
565 1788 617 1849 ubi
632 1788 815 1847 incrementa
830 1775 1018 1858 cousumpta
1029 1787 1110 1841 sunt.

108 1874 122 1926 l
181 1866 1112 1965 ‘XXIVJncipevirtutibusillum,nonannisae-

27 1987 30 1996 ·
138 1957 317 2014 elimare:
336 1958 435 2017 satis
454 1957 518 2017 diu
534 1957 642 2016 vixit.
666 1953 799 2031 pupillus
813 1949 938 2011 relictus
958 1949 1017 2011 sub
1037 1956 1112 2009 tuto·

22 2052 25 2058 ·
138 2057 204 2100 rum
222 2055 295 2102 cura
310 2057 410 2119 usque
432 2042 469 2104 ad
495 2048 631 2119 quartum
652 2039 800 2102 decimum
821 2051 933 2094 annum
957 2033 1029 2103 luit,
1058 2031 1114 2092 sub

138 2127 244 2187 matris
258 2130 351 2190 tutela
373 2145 505 2204 semper.
532 2144 599 2187 cum
619 2127 744 2186 haberet
764 2137 839 2181 suos
856 2127 1000 2194 penates,
1025 2115 1115 2175 relin-

141 2227 241 2286 quere
259 2221 329 2275 tuos
354 2215 451 2275 uoluit
471 2221 500 2272 et
520 2213 548 2271 in
571 2218 706 2270 materno
728 2204 942 2275 contubernio,
968 2217 1039 2261 cum
1065 2199 1117 2257 vix

142 2305 299 2373 paternum
316 2299 401 2360 liberi
416 2301 527 2370 lerant,
545 2293 761 2371 perseveravit.
789 2288 974 2348 adulescens
990 2291 1117 2354 statura,

142 2384 379 2459 pulchritudine,
401 2391 503 2444 cetero
524 2381 662 2454 corporis
677 2376 789 2438 robore
809 2370 918 2432 castris
933 2375 1024 2428 natus
1042 2365 1118 2426 mili·

114 2468 214 2533 attam
224 2471 385 2543 recusavit,
402 2484 440 2527 ne
451 2483 470 2526 a
481 2474 510 2527 te
522 2464 701 2525 discederet.
722 2460 869 2532 Computa,
884 2453 1007 2523 Marcia,
1027 2465 1119 2527 quam

144 2570 214 2616 raro
234 2554 348 2616 liberos
367 2553 492 2612 videant
512 2563 590 2623 quae
611 2547 641 2605 in
663 2543 791 2605 diversis
814 2537 956 2600 domibus
970 2535 1119 2596 habitant.

146 2641 245 2715 cogita
264 2648 308 2701 tot
327 2640 395 2699 illos
417 2634 517 2711 perire
537 2648 635 2691 annos
655 2627 801 2688 matribus
822 2629 854 2682 et
866 2637 923 2699 per
940 2616 1120 2680 sollicitudi-

147 2738 215 2783 nem
232 2724 326 2799 exigi,
354 2721 465 2798 quibus
483 2717 563 2778 lilios
583 2717 613 2774 in
635 2711 769 2773 exercitu
787 2706 913 2767 habena
941 2704 1024 2764 scies
1046 2702 1118 2762 mul·

147 2813 208 2866 tum
230 2809 366 2884 patuisse
387 2806 447 2864 hoc
469 2808 605 2876 tempus,
631 2814 669 2855 ex
691 2809 751 2871 quo
775 2793 815 2851 nil
834 2786 1003 2867 perdidisti.
1036 2801 1122 2845 num·

150 2907 239 2966 quam
266 2909 285 2953 a
306 2894 474 2964 conspectu
495 2892 546 2945 tuo
568 2881 705 2941 recessit.
739 2876 796 2937 sub
819 2872 916 2936 oculis
936 2870 998 2932 tuis
1020 2867 1125 2929 studia

149 2976 289 3038 formavit
305 2971 480 3035 excellentis
502 2964 616 3042 ingenii
636 2971 667 3024 et
686 2959 844 3038 aequaturi
862 2973 966 3028 avum,
987 2952 1048 3014 uisi
1070 2950 1124 3012 ab

151 3061 279 3122 stitisset
302 3053 500 3124 verecundia,
530 3064 610 3127 quae
635 3049 795 3107 multorum
820 3042 975 3118 protectus
1002 3035 1126 3098 silentio

122 3147 273 3218 opressit.
303 3142 497 3203 Adulescens
524 3133 698 3194 rarissimae
725 3131 840 3190 formae
867 3126 896 3184 in
925 3131 987 3184 tam
1014 3134 1128 3194 magna

152 3227 329 3288 laminarum
352 3224 440 3285 turba
467 3221 549 3279 viros
576 3213 832 3289 corrumpentium
857 3206 968 3268 nullius
994 3221 1029 3265 se
1058 3199 1127 3278 spei

153 3311 306 3386 praebuit,
327 3315 440 3368 etcum
456 3302 653 3380 quarumdam
668 3313 766 3373 usque
780 3296 820 3356 ad
834 3290 1041 3368 temptandum
1059 3301 1128 3362 per-

153 3394 290 3456 venisset
304 3391 487 3467 inprobitas,
514 3385 633 3447 erubuit
653 3382 740 3458 quasi
761 3382 946 3455 peccasset,
962 3373 1048 3448 quod
1064 3370 1129 3446 pla-

153 3485 268 3542 cuerat.
296 3476 354 3534 hac
374 3474 531 3534 sanctitate
553 3484 669 3529 mamm
683 3463 799 3536 effecit,
825 3467 859 3522 ut
872 3474 948 3536 puer
962 3457 1130 3517 admodum
