2438 3968
135 259 176 323 ιο
424 261 457 320 u.
478 261 625 320 nunaut
648 227 833 322 suuuctu'

135 431 240 477 musca
254 432 361 491 parurn
379 416 500 476 curiose
514 416 616 488 fugata
632 415 662 472 in
680 413 795 473 rabiem
811 422 881 488 agat
897 421 949 477 aut
970 414 1124 480 obversa·

135 501 288 560 tuscanis
313 508 365 561 aut
392 500 487 560 clavis
511 497 698 572 neglegentis
721 497 802 556 servi
826 497 967 559 manibus
990 501 1124 577 elapsa!

107 581 224 643 4Feret
236 583 294 644 iste
306 599 405 659 aequo
419 583 518 643 animo
532 581 619 641 civile
631 581 801 642 convicium
815 588 847 640 et
864 579 988 656 ingesta
999 584 1032 645 in
1047 601 1122 648 con·

136 668 223 727 clune
238 666 360 727 curiave
373 667 541 735 maledieta,
550 665 637 724 cuius
649 679 738 727 aures
750 665 837 724 tracti
851 665 993 726 subsellii
1004 669 1122 731 stridor

135 749 283 811 offendit?
312 749 499 827 perpetietur
516 749 566 809 hic
582 748 691 808 samem
708 755 738 809 et
757 749 894 808 aestivae
906 749 1119 824 expeditionis

136 834 223 908 sitim,
243 833 295 910 qui
310 851 406 910 puero
420 835 498 892 male
511 831 635 892 diluenti
649 833 748 893 nivem
761 831 922 894 irascitur?
952 833 1048 895 Nulla
1064 836 1118 899 tta-

136 933 258 994 queres
271 918 368 992 magis
383 915 570 977 iracundiam
589 914 641 976 alit
657 931 748 990 quam
764 914 884 977 luxuria
904 917 1118 993 intemperans

135 1010 164 1062 et
176 1002 204 1060 in
209 1001 341 1077 patiens:
354 1002 429 1062 dure
442 1000 616 1061 tractandus
627 999 745 1060 animus
757 1007 813 1070 est,
826 1007 860 1060 ut
870 1000 1036 1063 ictumnou
1048 1018 1117 1065 sen-

135 1086 188 1145 tiat
206 1085 264 1143 nisi
283 1101 416 1159 gravem.
932 1144 934 1148 ,

106 1175 121 1226 1
195 1167 301 1228 XXVI.
323 1166 534 1228 Irascimur
553 1168 697 1242 antiis,
717 1184 736 1226 a
756 1168 895 1243 quibus
913 1183 986 1230 nec
1006 1172 1114 1235 acci·

135 1267 224 1326 pere
244 1251 425 1311 iniuriam
446 1249 662 1327 potuimus,
685 1259 749 1312 aut
764 1251 829 1322 iis,
849 1268 868 1312 a
886 1251 1037 1327 quibus
1053 1270 1114 1317 ec·

106 1335 266 1410 ncipere
287 1335 468 1396 iniuriam
489 1335 692 1411 potuimus.
723 1335 771 1394 Ex
788 1336 940 1410 prioribus
960 1339 1113 1412 quaedam

136 1419 202 1480 sine
214 1435 310 1480 sensu
328 1426 407 1491 sunl,
426 1428 458 1480 ut
475 1420 560 1492 liber,
581 1434 670 1493 quem
689 1418 901 1481 minutioribus
918 1418 1018 1483 literis
1039 1423 1112 1483 scri-

135 1512 218 1579 ptum
232 1519 326 1578 saepe
339 1503 524 1578 proiecimus
538 1510 568 1563 et
585 1504 765 1563 mendosum
782 1503 1000 1578 laceravimus,
1014 1511 1054 1566 ut
1066 1520 1112 1571 ve·

135 1589 284 1660 sumente,
311 1604 398 1662 quae,
421 1588 492 1663 quia
513 1586 724 1660 displicebant,
748 1586 904 1648 scidimus.
950 1585 1000 1650 his
1023 1588 1112 1653 trasei

136 1687 227 1745 quam
245 1673 367 1732 stultum
382 1680 438 1744 est,
457 1686 536 1746 quae
553 1671 627 1730 iram
645 1678 780 1731 nostram
792 1685 848 1731 nec
859 1680 1040 1734 meruerunt
1059 1687 1112 1735 uec

106 1755 287 1814 tsentiuntt
318 1753 400 1828 „Sed
414 1753 642 1819 offenduntnos
653 1753 796 1822 videlicet
810 1752 862 1829 qui
876 1755 925 1815 illa
944 1755 1112 1822 teceruut“

134 1838 263 1897 Primum
279 1853 373 1912 saepe
388 1846 548 1912 antequam
565 1837 624 1901 hoc
640 1837 722 1912 apud
742 1854 800 1898 nos
819 1837 1047 1913 distinguamus
1059 1840 1112 1904 irtt·

135 1922 256 1981 scimur.
299 1921 411 1981 deinde
428 1921 559 1981 sortasse
580 1921 639 1995 ipsi
658 1936 782 1997 quoque
795 1920 927 1990 artifices
939 1921 1112 1989 excusatio
1151 1920 1153 1933 '

134 2020 189 2064 nes
206 2005 301 2064 iustas
317 2005 469 2069 adferent:
486 2004 564 2064 alius
585 2021 645 2072 uon
664 2005 762 2080 potuit
775 2002 883 2065 melius
901 2006 1005 2066 facere
1024 2022 1111 2082 quarn

52 2089 55 2095 '
135 2088 213 2161 lecit,
232 2103 287 2147 nee
303 2090 341 2148 ad
355 2096 437 2148 tuam
455 2087 665 2149 contumeliam
684 2105 793 2163 parum
807 2087 919 2150 didicit
950 2087 1035 2151 alius
1054 2106 1110 2159 nou

134 2172 164 2230 in
176 2172 236 2232 hoc
250 2181 283 2232 ut
300 2180 329 2232 te
343 2171 512 2233 offenderet
524 2170 602 2232 lecit.
631 2173 670 2233 ad
683 2173 819 2234 ultimum
836 2171 908 2247 quid
926 2177 976 2233 est
987 2173 1111 2239 deman

136 2256 194 2317 tius
214 2273 305 2331 quam
324 2256 414 2316 bilem
435 2258 464 2316 in
483 2256 621 2326 homines
644 2256 802 2317 collectam
815 2256 846 2315 iu
867 2271 918 2316 res
931 2254 1111 2323 effunderet

106 2340 228 2415 tarqui
246 2349 279 2400 nt
292 2341 340 2400 his
358 2340 450 2401 irasci
464 2339 612 2410 dementis
633 2347 694 2415 est,
717 2355 798 2416 quae
812 2340 1056 2417 animacarent,
1070 2342 1111 2403 sle

134 2424 224 2484 mutis
249 2423 444 2499 animalibus,
477 2439 556 2501 quae
577 2425 689 2484 nullam
717 2422 855 2484 iniuriam
876 2422 966 2483 nobis
989 2425 1110 2499 iaciunt

136 2505 206 2582 quia
218 2509 295 2567 velle
308 2525 368 2568 non
382 2515 528 2583 possunt:
544 2524 605 2567 non
624 2515 671 2569 est
687 2508 767 2567 enim
785 2507 894 2569 iniuria
905 2507 964 2566 nisi
981 2509 1110 2573 aconti·

134 2592 174 2650 lio
187 2593 332 2665 prolecta.
362 2608 476 2654 nocere
494 2592 598 2665 itaque
617 2590 706 2651 nobis
727 2598 858 2666 possunt
874 2596 908 2652 ul
923 2591 1043 2654 semum
1065 2596 1111 2655 atri

106 2673 222 2748 alapis,
244 2675 380 2734 iniuriam
397 2675 520 2752 quidem
542 2676 643 2734 lacere
665 2691 726 2736 uon
748 2681 888 2750 possunt
919 2674 1018 2750 Atqui
1042 2693 1110 2741 con·

134 2758 225 2817 temni
235 2774 270 2817 se
283 2757 405 2833 qnidam
416 2765 531 2834 putant,
547 2757 599 2817 ubi
615 2756 706 2819 iidem
720 2759 792 2833 equi
805 2758 1016 2834 obsequentes
1029 2756 1110 2823 attari

134 2841 242 2917 equiti,
266 2841 351 2902 alteri
374 2851 569 2903 contumaces
592 2849 678 2915 sunt,
705 2849 859 2918 tamquam
881 2841 1016 2915 iudicio,
1054 2858 1108 2907 nou

134 2925 356 2987 consuetudine
378 2934 409 2988 et
422 2933 489 3002 ,arte
504 2926 652 2992 tractandi
671 2926 822 3000 quaedam
838 2925 1026 3001 quibusdam
1044 2926 1110 2991 sub·

103 3009 257 3071 ticctiora
273 3010 343 3071 sint.
373 3010 468 3085 Atqui
482 3008 572 3070 uthis
591 3007 681 3069 irasci
693 3009 815 3071 stultum
828 3015 890 3084 est,
906 3009 947 3070 ita
962 3012 1110 3087 puerisel

134 3110 195 3153 non
216 3095 341 3154 multum
362 3110 380 3154 a
402 3109 566 3168 puerorum
587 3093 747 3167 prudentia
770 3093 963 3154 distantibus.
1010 3093 1109 3170 omnia

133 3177 214 3237 enim
235 3178 294 3239 ista
314 3185 440 3253 peecata
463 3177 545 3253 apud
568 3192 698 3251 aequum
712 3177 842 3238 iudicem
862 3193 918 3253 pro
934 3175 1108 3243 innocen&

134 3259 246 3320 habent
260 3260 491 3336 inprudentiam.
633 3308 634 3313 1

107 3352 121 3406 1
196 3341 315 3404 xxvtt.
350 3344 503 3418 Quaedam
519 3352 589 3405 sunt
604 3359 682 3419 quae
696 3360 808 3407 nocere
822 3362 881 3406 non
900 3355 1037 3422 possunt
1048 3346 1105 3411 nui·

132 3428 253 3502 lamque
269 3427 329 3487 vim
342 3429 401 3489 nisi
413 3429 579 3495 beneficam
596 3434 626 3496 et
642 3429 805 3490 salutarem
822 3429 943 3504 habent,
963 3437 997 3493 ut
1014 3433 1048 3495 di
1062 3430 1105 3495 ‚ln

132 3511 285 3589 mortales,
299 3512 349 3589 qui
362 3528 419 3572 nec
430 3513 536 3573 volunt
547 3513 659 3573 obesse
670 3528 727 3574 nec
742 3519 881 3588 possunt.
908 3522 1020 3577 natura
1031 3515 1105 3579 enlnt
