<?xml version="1.0" encoding="UTF-8"?>
<!DOCTYPE html PUBLIC "-//W3C//DTD XHTML 1.0 Transitional//EN"
    "http://www.w3.org/TR/xhtml1/DTD/xhtml1-transitional.dtd">
<html xmlns="http://www.w3.org/1999/xhtml" xml:lang="en" lang="en">
 <head>
  <title>
</title>
<meta http-equiv="Content-Type" content="text/html;charset=utf-8" />
  <meta name='ocr-system' content='tesseract 3.04.00' />
  <meta name='ocr-capabilities' content='ocr_page ocr_carea ocr_par ocr_line ocrx_word'/>
</head>
<body>
  <div class='ocr_page' id='page_1' title='image "./lannaeisenecaeo05senegoog_0227.png"; bbox 0 0 2438 3968; ppageno 0'>
   <div class='ocr_carea' id='block_1_1' title="bbox 193 285 957 348">
    <p class='ocr_par' dir='ltr' id='par_1_1' title="bbox 193 285 957 348">
     <span class='ocr_line' id='line_1_1' title="bbox 193 285 957 348; baseline -0.007 0"><span class='ocrx_word' id='word_1_1' title='bbox 193 287 255 348; x_wconf 77' lang='lat'>212</span> <span class='ocrx_word' id='word_1_2' title='bbox 385 286 419 346; x_wconf 89' lang='lat' dir='ltr'>L.</span> <span class='ocrx_word' id='word_1_3' title='bbox 441 285 587 345; x_wconf 83' lang='lat' dir='ltr'><strong>ANNAEI</strong></span> <span class='ocrx_word' id='word_1_4' title='bbox 609 285 783 346; x_wconf 84' lang='lat' dir='ltr'><strong>SENECAE</strong></span> <span class='ocrx_word' id='word_1_5' title='bbox 805 287 907 346; x_wconf 90' lang='lat' dir='ltr'>DlAL.</span> <span class='ocrx_word' id='word_1_6' title='bbox 922 286 957 344; x_wconf 90' lang='lat' dir='ltr'>X.</span> 
     </span>
    </p>
   </div>
   <div class='ocr_carea' id='block_1_2' title="bbox 103 437 1167 3622">
    <p class='ocr_par' dir='ltr' id='par_1_2' title="bbox 103 437 1167 3622">
     <span class='ocr_line' id='line_1_2' title="bbox 194 437 1163 516; baseline -0.002 -14"><span class='ocrx_word' id='word_1_7' title='bbox 194 457 246 502; x_wconf 88' lang='lat' dir='ltr'>res</span> <span class='ocrx_word' id='word_1_8' title='bbox 266 440 491 516; x_wconf 73' lang='lat' dir='ltr'><strong>praeterierint,</strong></span> <span class='ocrx_word' id='word_1_9' title='bbox 519 455 587 500; x_wconf 91' lang='lat' dir='ltr'>cum</span> <span class='ocrx_word' id='word_1_10' title='bbox 610 454 663 512; x_wconf 90' lang='lat' dir='ltr'>per</span> <span class='ocrx_word' id='word_1_11' title='bbox 678 437 905 499; x_wconf 90' lang='lat' dir='ltr'>diversissimas</span> <span class='ocrx_word' id='word_1_12' title='bbox 921 440 1031 500; x_wconf 91' lang='lat' dir='ltr'>domos</span> <span class='ocrx_word' id='word_1_13' title='bbox 1045 441 1163 500; x_wconf 91' lang='lat' dir='ltr'>merita-</span> 
     </span>
     <span class='ocr_line' id='line_1_3' title="bbox 194 523 1165 598; baseline 0 -14"><span class='ocrx_word' id='word_1_14' title='bbox 194 526 269 584; x_wconf 91' lang='lat' dir='ltr'>riam</span> <span class='ocrx_word' id='word_1_15' title='bbox 295 524 507 584; x_wconf 89' lang='lat' dir='ltr'>salutationem</span> <span class='ocrx_word' id='word_1_16' title='bbox 529 523 776 593; x_wconf 77' lang='lat' dir='ltr'><strong>circumtulerint,</strong></span> <span class='ocrx_word' id='word_1_17' title='bbox 804 531 929 598; x_wconf 90' lang='lat' dir='ltr'>quotum</span> <span class='ocrx_word' id='word_1_18' title='bbox 952 539 1105 598; x_wconf 88' lang='lat' dir='ltr'>quemque</span> <span class='ocrx_word' id='word_1_19' title='bbox 1128 541 1165 584; x_wconf 87' lang='lat' dir='ltr'>ex</span> 
     </span>
     <span class='ocr_line' id='line_1_4' title="bbox 162 606 1165 683; baseline -0.003 -12"><span class='ocrx_word' id='word_1_20' title='bbox 162 618 253 672; x_wconf 73' lang='lat' dir='ltr'>itam</span> <span class='ocrx_word' id='word_1_21' title='bbox 279 609 417 668; x_wconf 90' lang='lat' dir='ltr'>inmensa</span> <span class='ocrx_word' id='word_1_22' title='bbox 440 615 471 667; x_wconf 87' lang='lat' dir='ltr'>ct</span> <span class='ocrx_word' id='word_1_23' title='bbox 490 606 583 666; x_wconf 91' lang='lat' dir='ltr'>variis</span> <span class='ocrx_word' id='word_1_24' title='bbox 605 607 820 681; x_wconf 75' lang='lat' dir='ltr'>cupiditatibus</span> <span class='ocrx_word' id='word_1_25' title='bbox 836 607 973 667; x_wconf 91' lang='lat' dir='ltr'>districta</span> <span class='ocrx_word' id='word_1_26' title='bbox 987 608 1063 666; x_wconf 92' lang='lat' dir='ltr'>urbe</span> <span class='ocrx_word' id='word_1_27' title='bbox 1078 617 1165 683; x_wconf 91' lang='lat' dir='ltr'>pote-</span> 
     </span>
     <span class='ocr_line' id='line_1_5' title="bbox 193 691 1165 767; baseline 0 -14"><span class='ocrx_word' id='word_1_28' title='bbox 193 701 263 753; x_wconf 89' lang='lat' dir='ltr'>runt</span> <span class='ocrx_word' id='word_1_29' title='bbox 279 693 404 752; x_wconf 75' lang='lat' dir='ltr'>videret</span> <span class='ocrx_word' id='word_1_30' title='bbox 423 692 612 767; x_wconf 92' lang='lat' dir='ltr'>quammulti</span> <span class='ocrx_word' id='word_1_31' title='bbox 627 699 728 762; x_wconf 92' lang='lat' dir='ltr'>erunt,</span> <span class='ocrx_word' id='word_1_32' title='bbox 745 707 873 764; x_wconf 90' lang='lat' dir='ltr'>quorum</span> <span class='ocrx_word' id='word_1_33' title='bbox 887 691 956 751; x_wconf 92' lang='lat' dir='ltr'>illos</span> <span class='ocrx_word' id='word_1_34' title='bbox 972 699 1024 751; x_wconf 92' lang='lat' dir='ltr'>aut</span> <span class='ocrx_word' id='word_1_35' title='bbox 1038 707 1165 753; x_wconf 86' lang='lat' dir='ltr'>somnus</span> 
     </span>
     <span class='ocr_line' id='line_1_6' title="bbox 194 774 1165 850; baseline -0.002 -12"><span class='ocrx_word' id='word_1_36' title='bbox 194 787 246 838; x_wconf 87' lang='lat' dir='ltr'>aut</span> <span class='ocrx_word' id='word_1_37' title='bbox 260 777 379 836; x_wconf 86' lang='lat' dir='ltr'>luxuria</span> <span class='ocrx_word' id='word_1_38' title='bbox 395 783 446 835; x_wconf 92' lang='lat' dir='ltr'>aut</span> <span class='ocrx_word' id='word_1_39' title='bbox 460 774 661 834; x_wconf 74' lang='lat' dir='ltr'>inhumanitas</span> <span class='ocrx_word' id='word_1_40' title='bbox 677 775 877 835; x_wconf 67' lang='lat' dir='ltr'>submoveat?</span> <span class='ocrx_word' id='word_1_41' title='bbox 911 791 1001 849; x_wconf 91' lang='lat' dir='ltr'>quam</span> <span class='ocrx_word' id='word_1_42' title='bbox 1013 776 1099 836; x_wconf 94' lang='lat' dir='ltr'>multi</span> <span class='ocrx_word' id='word_1_43' title='bbox 1115 778 1165 850; x_wconf 92' lang='lat' dir='ltr'>qui</span> 
     </span>
     <span class='ocr_line' id='line_1_7' title="bbox 193 858 1164 931; baseline -0.001 -11"><span class='ocrx_word' id='word_1_44' title='bbox 193 861 277 928; x_wconf 89' lang='lat' dir='ltr'>illos,</span> <span class='ocrx_word' id='word_1_45' title='bbox 306 876 373 919; x_wconf 90' lang='lat' dir='ltr'>cum</span> <span class='ocrx_word' id='word_1_46' title='bbox 391 859 442 919; x_wconf 93' lang='lat' dir='ltr'>diu</span> <span class='ocrx_word' id='word_1_47' title='bbox 463 858 620 931; x_wconf 86' lang='lat' dir='ltr'>torserint,</span> <span class='ocrx_word' id='word_1_48' title='bbox 648 860 787 918; x_wconf 90' lang='lat' dir='ltr'>simulata</span> <span class='ocrx_word' id='word_1_49' title='bbox 805 859 995 920; x_wconf 81' lang='lat' dir='ltr'>festinatione</span> <span class='ocrx_word' id='word_1_50' title='bbox 1012 867 1164 920; x_wconf 90' lang='lat' dir='ltr'>transcur-</span> 
     </span>
     <span class='ocr_line' id='line_1_8' title="bbox 192 941 1166 1017; baseline -0.001 -13"><span class='ocrx_word' id='word_1_51' title='bbox 192 952 281 1004; x_wconf 80' lang='lat' dir='ltr'>nanti</span> <span class='ocrx_word' id='word_1_52' title='bbox 307 960 396 1016; x_wconf 93' lang='lat' dir='ltr'>quam</span> <span class='ocrx_word' id='word_1_53' title='bbox 419 943 502 1002; x_wconf 92' lang='lat' dir='ltr'>multi</span> <span class='ocrx_word' id='word_1_54' title='bbox 518 958 572 1016; x_wconf 93' lang='lat' dir='ltr'>per</span> <span class='ocrx_word' id='word_1_55' title='bbox 586 944 728 1003; x_wconf 82' lang='lat' dir='ltr'>refertum</span> <span class='ocrx_word' id='word_1_56' title='bbox 744 941 903 1004; x_wconf 80' lang='lat' dir='ltr'>clientibus</span> <span class='ocrx_word' id='word_1_57' title='bbox 917 944 1025 1004; x_wconf 90' lang='lat' dir='ltr'>atrium</span> <span class='ocrx_word' id='word_1_58' title='bbox 1041 945 1166 1017; x_wconf 90' lang='lat' dir='ltr'>prodire</span> 
     </span>
     <span class='ocr_line' id='line_1_9' title="bbox 194 1026 1166 1102; baseline -0.001 -13"><span class='ocrx_word' id='word_1_59' title='bbox 194 1029 330 1089; x_wconf 91' lang='lat' dir='ltr'>vitabunt</span> <span class='ocrx_word' id='word_1_60' title='bbox 344 1034 373 1086; x_wconf 94' lang='lat' dir='ltr'>et</span> <span class='ocrx_word' id='word_1_61' title='bbox 388 1043 443 1101; x_wconf 92' lang='lat' dir='ltr'>per</span> <span class='ocrx_word' id='word_1_62' title='bbox 458 1026 606 1086; x_wconf 91' lang='lat' dir='ltr'>obscuros</span> <span class='ocrx_word' id='word_1_63' title='bbox 619 1027 740 1086; x_wconf 90' lang='lat' dir='ltr'>aedium</span> <span class='ocrx_word' id='word_1_64' title='bbox 752 1026 852 1087; x_wconf 91' lang='lat' dir='ltr'>aditus</span> <span class='ocrx_word' id='word_1_65' title='bbox 864 1026 1058 1102; x_wconf 70' lang='lat' dir='ltr'>profugienti</span> <span class='ocrx_word' id='word_1_66' title='bbox 1077 1028 1166 1102; x_wconf 89' lang='lat' dir='ltr'>quasi</span> 
     </span>
     <span class='ocr_line' id='line_1_10' title="bbox 192 1111 1166 1186; baseline 0 -14"><span class='ocrx_word' id='word_1_67' title='bbox 192 1128 253 1172; x_wconf 94' lang='lat' dir='ltr'>non</span> <span class='ocrx_word' id='word_1_68' title='bbox 269 1111 462 1172; x_wconf 87' lang='lat' dir='ltr'>inhumanius</span> <span class='ocrx_word' id='word_1_69' title='bbox 476 1111 514 1170; x_wconf 93' lang='lat' dir='ltr'>sit</span> <span class='ocrx_word' id='word_1_70' title='bbox 525 1111 669 1184; x_wconf 80' lang='lat' dir='ltr'>decipere</span> <span class='ocrx_word' id='word_1_71' title='bbox 682 1127 772 1185; x_wconf 92' lang='lat' dir='ltr'>quam</span> <span class='ocrx_word' id='word_1_72' title='bbox 785 1112 958 1170; x_wconf 86' lang='lat' dir='ltr'>excludere.</span> <span class='ocrx_word' id='word_1_73' title='bbox 978 1129 1071 1186; x_wconf 90' lang='lat' dir='ltr'>quam</span> <span class='ocrx_word' id='word_1_74' title='bbox 1083 1113 1166 1174; x_wconf 90' lang='lat' dir='ltr'>multi</span> 
     </span>
     <span class='ocr_line' id='line_1_11' title="bbox 193 1194 1166 1271; baseline 0.001 -15"><span class='ocrx_word' id='word_1_75' title='bbox 193 1197 336 1256; x_wconf 90' lang='lat' dir='ltr'>hesterna</span> <span class='ocrx_word' id='word_1_76' title='bbox 364 1197 489 1271; x_wconf 86' lang='lat' dir='ltr'>crapula</span> <span class='ocrx_word' id='word_1_77' title='bbox 514 1194 717 1255; x_wconf 88' lang='lat' dir='ltr'>semisomnes</span> <span class='ocrx_word' id='word_1_78' title='bbox 743 1203 923 1269; x_wconf 83' lang='lat' dir='ltr'>etgraves,</span> <span class='ocrx_word' id='word_1_79' title='bbox 958 1195 1017 1255; x_wconf 93' lang='lat' dir='ltr'>illis</span> <span class='ocrx_word' id='word_1_80' title='bbox 1046 1198 1166 1257; x_wconf 84' lang='lat' dir='ltr'>miseris</span> 
     </span>
     <span class='ocr_line' id='line_1_12' title="bbox 194 1277 1165 1354; baseline -0.001 -14"><span class='ocrx_word' id='word_1_81' title='bbox 194 1297 283 1341; x_wconf 92' lang='lat' dir='ltr'>suum</span> <span class='ocrx_word' id='word_1_82' title='bbox 305 1296 445 1340; x_wconf 92' lang='lat' dir='ltr'>somnum</span> <span class='ocrx_word' id='word_1_83' title='bbox 459 1280 678 1352; x_wconf 79' lang='lat' dir='ltr'>rumpentibus,</span> <span class='ocrx_word' id='word_1_84' title='bbox 700 1286 732 1339; x_wconf 92' lang='lat' dir='ltr'>ut</span> <span class='ocrx_word' id='word_1_85' title='bbox 747 1277 878 1338; x_wconf 89' lang='lat' dir='ltr'>alienum</span> <span class='ocrx_word' id='word_1_86' title='bbox 895 1286 1091 1354; x_wconf 86' lang='lat' dir='ltr'>exspectent,</span> <span class='ocrx_word' id='word_1_87' title='bbox 1113 1283 1165 1339; x_wconf 72' lang='lat' dir='ltr'>vix</span> 
     </span>
     <span class='ocr_line' id='line_1_13' title="bbox 193 1361 1165 1425; baseline -0.001 0"><span class='ocrx_word' id='word_1_88' title='bbox 193 1364 341 1425; x_wconf 86' lang='lat' dir='ltr'>adlevatis</span> <span class='ocrx_word' id='word_1_89' title='bbox 369 1364 462 1423; x_wconf 88' lang='lat' dir='ltr'>labris</span> <span class='ocrx_word' id='word_1_90' title='bbox 489 1364 709 1423; x_wconf 86' lang='lat' dir='ltr'>insusurratum</span> <span class='ocrx_word' id='word_1_91' title='bbox 735 1361 843 1422; x_wconf 90' lang='lat' dir='ltr'>millies</span> <span class='ocrx_word' id='word_1_92' title='bbox 858 1378 968 1423; x_wconf 93' lang='lat' dir='ltr'>nomen</span> <span class='ocrx_word' id='word_1_93' title='bbox 984 1364 1165 1425; x_wconf 86' lang='lat' dir='ltr'>oscitatione</span> 
     </span>
     <span class='ocr_line' id='line_1_14' title="bbox 161 1446 1166 1524; baseline 0.004 -20"><span class='ocrx_word' id='word_1_94' title='bbox 161 1448 413 1523; x_wconf 67' lang='lat' dir='ltr'>isuperbissima</span> <span class='ocrx_word' id='word_1_95' title='bbox 429 1447 578 1508; x_wconf 79' lang='lat' dir='ltr'>reddenti</span> <span class='ocrx_word' id='word_1_96' title='bbox 598 1448 662 1506; x_wconf 91' lang='lat' dir='ltr'>Hos</span> <span class='ocrx_word' id='word_1_97' title='bbox 679 1446 709 1504; x_wconf 94' lang='lat' dir='ltr'>in</span> <span class='ocrx_word' id='word_1_98' title='bbox 724 1446 805 1506; x_wconf 88' lang='lat' dir='ltr'>veris</span> <span class='ocrx_word' id='word_1_99' title='bbox 820 1446 929 1506; x_wconf 85' lang='lat' dir='ltr'>olficiis</span> <span class='ocrx_word' id='word_1_100' title='bbox 942 1447 1054 1507; x_wconf 88' lang='lat' dir='ltr'>morari</span> <span class='ocrx_word' id='word_1_101' title='bbox 1067 1449 1166 1524; x_wconf 80' lang='lat' dir='ltr'>[puta</span> 
     </span>
     <span class='ocr_line' id='line_1_15' title="bbox 193 1530 1166 1608; baseline -0.001 -16"><span class='ocrx_word' id='word_1_102' title='bbox 193 1538 271 1604; x_wconf 91' lang='lat' dir='ltr'>mus]</span> <span class='ocrx_word' id='word_1_103' title='bbox 288 1533 358 1592; x_wconf 91' lang='lat' dir='ltr'>licet</span> <span class='ocrx_word' id='word_1_104' title='bbox 374 1533 519 1604; x_wconf 93' lang='lat' dir='ltr'>dicamus,</span> <span class='ocrx_word' id='word_1_105' title='bbox 537 1531 588 1604; x_wconf 93' lang='lat' dir='ltr'>qui</span> <span class='ocrx_word' id='word_1_106' title='bbox 602 1530 764 1603; x_wconf 88' lang='lat' dir='ltr'>Zenonem,</span> <span class='ocrx_word' id='word_1_107' title='bbox 782 1531 833 1605; x_wconf 93' lang='lat' dir='ltr'>qui</span> <span class='ocrx_word' id='word_1_108' title='bbox 844 1530 1037 1608; x_wconf 84' lang='lat' dir='ltr'>Pythagoran</span> <span class='ocrx_word' id='word_1_109' title='bbox 1054 1532 1166 1592; x_wconf 89' lang='lat' dir='ltr'>cotidie</span> 
     </span>
     <span class='ocr_line' id='line_1_16' title="bbox 193 1615 1165 1691; baseline -0.001 -15"><span class='ocrx_word' id='word_1_110' title='bbox 193 1624 223 1676; x_wconf 91' lang='lat' dir='ltr'>et</span> <span class='ocrx_word' id='word_1_111' title='bbox 236 1617 441 1676; x_wconf 89' lang='lat' dir='ltr'>Democritum</span> <span class='ocrx_word' id='word_1_112' title='bbox 457 1623 637 1689; x_wconf 87' lang='lat' dir='ltr'>ceterosque</span> <span class='ocrx_word' id='word_1_113' title='bbox 654 1615 802 1675; x_wconf 91' lang='lat' dir='ltr'>antistites</span> <span class='ocrx_word' id='word_1_114' title='bbox 818 1615 966 1674; x_wconf 92' lang='lat' dir='ltr'>bonarum</span> <span class='ocrx_word' id='word_1_115' title='bbox 978 1616 1097 1689; x_wconf 90' lang='lat' dir='ltr'>artium,</span> <span class='ocrx_word' id='word_1_116' title='bbox 1115 1619 1165 1691; x_wconf 93' lang='lat' dir='ltr'>qui</span> 
     </span>
     <span class='ocr_line' id='line_1_17' title="bbox 192 1698 1166 1773; baseline 0 -15"><span class='ocrx_word' id='word_1_117' title='bbox 192 1700 386 1759; x_wconf 83' lang='lat' dir='ltr'>Aristotelem</span> <span class='ocrx_word' id='word_1_118' title='bbox 401 1708 431 1759; x_wconf 91' lang='lat' dir='ltr'>et</span> <span class='ocrx_word' id='word_1_119' title='bbox 444 1699 686 1773; x_wconf 87' lang='lat' dir='ltr'>Theophrastum</span> <span class='ocrx_word' id='word_1_120' title='bbox 698 1699 801 1759; x_wconf 90' lang='lat' dir='ltr'>volent</span> <span class='ocrx_word' id='word_1_121' title='bbox 811 1698 924 1759; x_wconf 90' lang='lat' dir='ltr'>habere</span> <span class='ocrx_word' id='word_1_122' title='bbox 937 1716 1027 1773; x_wconf 88' lang='lat' dir='ltr'>quam</span> <span class='ocrx_word' id='word_1_123' title='bbox 1040 1701 1166 1759; x_wconf 80' lang='lat' dir='ltr'>familia-</span> 
     </span>
     <span class='ocr_line' id='line_1_18' title="bbox 192 1782 1165 1856; baseline 0.002 -15"><span class='ocrx_word' id='word_1_124' title='bbox 192 1782 341 1842; x_wconf 90' lang='lat' dir='ltr'>rissimos.</span> <span class='ocrx_word' id='word_1_125' title='bbox 364 1799 453 1843; x_wconf 92' lang='lat' dir='ltr'>nemo</span> <span class='ocrx_word' id='word_1_126' title='bbox 470 1783 578 1844; x_wconf 90' lang='lat' dir='ltr'>horum</span> <span class='ocrx_word' id='word_1_127' title='bbox 594 1800 653 1842; x_wconf 94' lang='lat' dir='ltr'>non</span> <span class='ocrx_word' id='word_1_128' title='bbox 671 1782 798 1856; x_wconf 89' lang='lat' dir='ltr'>vacabit,</span> <span class='ocrx_word' id='word_1_129' title='bbox 814 1798 903 1842; x_wconf 93' lang='lat' dir='ltr'>nemo</span> <span class='ocrx_word' id='word_1_130' title='bbox 920 1801 980 1844; x_wconf 90' lang='lat' dir='ltr'>non</span> <span class='ocrx_word' id='word_1_131' title='bbox 993 1784 1165 1845; x_wconf 90' lang='lat' dir='ltr'>venientem</span> 
     </span>
     <span class='ocr_line' id='line_1_19' title="bbox 194 1865 1164 1942; baseline 0.001 -17"><span class='ocrx_word' id='word_1_132' title='bbox 194 1866 233 1926; x_wconf 92' lang='lat' dir='ltr'>ad</span> <span class='ocrx_word' id='word_1_133' title='bbox 248 1880 282 1926; x_wconf 94' lang='lat' dir='ltr'>se</span> <span class='ocrx_word' id='word_1_134' title='bbox 294 1867 458 1926; x_wconf 86' lang='lat' dir='ltr'>beatiorem</span> <span class='ocrx_word' id='word_1_135' title='bbox 471 1867 729 1940; x_wconf 88' lang='lat' dir='ltr'>amantioremque</span> <span class='ocrx_word' id='word_1_136' title='bbox 741 1867 788 1926; x_wconf 91' lang='lat' dir='ltr'>sui</span> <span class='ocrx_word' id='word_1_137' title='bbox 801 1865 935 1928; x_wconf 88' lang='lat' dir='ltr'>dimittet.</span> <span class='ocrx_word' id='word_1_138' title='bbox 959 1883 1047 1928; x_wconf 91' lang='lat' dir='ltr'>nemo</span> <span class='ocrx_word' id='word_1_139' title='bbox 1061 1884 1164 1942; x_wconf 90' lang='lat' dir='ltr'>quem·</span> 
     </span>
     <span class='ocr_line' id='line_1_20' title="bbox 195 1950 1165 2024; baseline 0.004 -16"><span class='ocrx_word' id='word_1_140' title='bbox 195 1967 285 2022; x_wconf 89' lang='lat' dir='ltr'>quam</span> <span class='ocrx_word' id='word_1_141' title='bbox 310 1950 416 2010; x_wconf 89' lang='lat' dir='ltr'>vacuis</span> <span class='ocrx_word' id='word_1_142' title='bbox 438 1968 456 2008; x_wconf 90' lang='lat' dir='ltr'>a</span> <span class='ocrx_word' id='word_1_143' title='bbox 471 1965 506 2008; x_wconf 92' lang='lat' dir='ltr'>se</span> <span class='ocrx_word' id='word_1_144' title='bbox 520 1951 658 2010; x_wconf 90' lang='lat' dir='ltr'>manibus</span> <span class='ocrx_word' id='word_1_145' title='bbox 677 1951 759 2010; x_wconf 90' lang='lat' dir='ltr'>abire</span> <span class='ocrx_word' id='word_1_146' title='bbox 775 1952 912 2024; x_wconf 90' lang='lat' dir='ltr'>patietur.</span> <span class='ocrx_word' id='word_1_147' title='bbox 945 1959 1035 2011; x_wconf 92' lang='lat' dir='ltr'>nocte</span> <span class='ocrx_word' id='word_1_148' title='bbox 1052 1967 1165 2012; x_wconf 87' lang='lat' dir='ltr'>conve-</span> 
     </span>
     <span class='ocr_line' id='line_1_21' title="bbox 195 2033 1001 2109; baseline 0.001 -17"><span class='ocrx_word' id='word_1_149' title='bbox 195 2034 250 2092; x_wconf 94' lang='lat' dir='ltr'>niri</span> <span class='ocrx_word' id='word_1_150' title='bbox 267 2041 296 2092; x_wconf 93' lang='lat' dir='ltr'>et</span> <span class='ocrx_word' id='word_1_151' title='bbox 312 2033 441 2093; x_wconf 91' lang='lat' dir='ltr'>interdiu</span> <span class='ocrx_word' id='word_1_152' title='bbox 456 2033 492 2092; x_wconf 88' lang='lat' dir='ltr'>ab</span> <span class='ocrx_word' id='word_1_153' title='bbox 512 2035 651 2095; x_wconf 90' lang='lat' dir='ltr'>omnibus</span> <span class='ocrx_word' id='word_1_154' title='bbox 669 2034 845 2094; x_wconf 90' lang='lat' dir='ltr'>mortalibus</span> <span class='ocrx_word' id='word_1_155' title='bbox 860 2043 1001 2109; x_wconf 87' lang='lat' dir='ltr'>possunt.</span> 
     </span>
     <span class='ocr_line' id='line_1_22' title="bbox 166 2117 1164 2192; baseline 0 -16"><span class='ocrx_word' id='word_1_156' title='bbox 166 2124 181 2176; x_wconf 92' lang='lat' dir='ltr'>l</span> <span class='ocrx_word' id='word_1_157' title='bbox 255 2119 319 2177; x_wconf 87' lang='lat' dir='ltr'>XV.</span> <span class='ocrx_word' id='word_1_158' title='bbox 351 2119 466 2178; x_wconf 92' lang='lat' dir='ltr'>Horum</span> <span class='ocrx_word' id='word_1_159' title='bbox 490 2124 518 2177; x_wconf 92' lang='lat' dir='ltr'>te</span> <span class='ocrx_word' id='word_1_160' title='bbox 537 2117 614 2179; x_wconf 92' lang='lat' dir='ltr'>mori</span> <span class='ocrx_word' id='word_1_161' title='bbox 636 2133 724 2178; x_wconf 94' lang='lat' dir='ltr'>nemo</span> <span class='ocrx_word' id='word_1_162' title='bbox 747 2124 850 2192; x_wconf 75' lang='lat' dir='ltr'>cogetr</span> <span class='ocrx_word' id='word_1_163' title='bbox 878 2135 984 2179; x_wconf 88' lang='lat' dir='ltr'>omnes</span> <span class='ocrx_word' id='word_1_164' title='bbox 1001 2120 1164 2179; x_wconf 91' lang='lat' dir='ltr'>docebunt.</span> 
     </span>
     <span class='ocr_line' id='line_1_23' title="bbox 103 2201 1165 2264; baseline -0.002 -2"><span class='ocrx_word' id='word_1_165' title='bbox 103 2239 105 2245; x_wconf 92' lang='lat'><em>-</em></span> <span class='ocrx_word' id='word_1_166' title='bbox 194 2203 302 2264; x_wconf 92' lang='lat' dir='ltr'>horum</span> <span class='ocrx_word' id='word_1_167' title='bbox 327 2218 415 2261; x_wconf 92' lang='lat' dir='ltr'>nemo</span> <span class='ocrx_word' id='word_1_168' title='bbox 443 2218 539 2263; x_wconf 88' lang='lat' dir='ltr'>annos</span> <span class='ocrx_word' id='word_1_169' title='bbox 566 2210 635 2263; x_wconf 91' lang='lat' dir='ltr'>tuos</span> <span class='ocrx_word' id='word_1_170' title='bbox 661 2201 802 2263; x_wconf 75' lang='lat' dir='ltr'>contentu</span> <span class='ocrx_word' id='word_1_171' title='bbox 827 2217 901 2262; x_wconf 92' lang='lat' dir='ltr'>suos</span> <span class='ocrx_word' id='word_1_172' title='bbox 923 2203 975 2263; x_wconf 89' lang='lat' dir='ltr'>tibi</span> <span class='ocrx_word' id='word_1_173' title='bbox 993 2204 1165 2263; x_wconf 88' lang='lat' dir='ltr'>contribuit.</span> 
     </span>
     <span class='ocr_line' id='line_1_24' title="bbox 195 2286 1165 2362; baseline 0.001 -16"><span class='ocrx_word' id='word_1_174' title='bbox 195 2288 306 2347; x_wconf 91' lang='lat' dir='ltr'>nullius</span> <span class='ocrx_word' id='word_1_175' title='bbox 322 2302 360 2345; x_wconf 87' lang='lat' dir='ltr'>ex</span> <span class='ocrx_word' id='word_1_176' title='bbox 374 2286 421 2346; x_wconf 93' lang='lat' dir='ltr'>his</span> <span class='ocrx_word' id='word_1_177' title='bbox 438 2303 538 2347; x_wconf 91' lang='lat' dir='ltr'>sermo</span> <span class='ocrx_word' id='word_1_178' title='bbox 557 2286 747 2362; x_wconf 90' lang='lat' dir='ltr'>periculosus</span> <span class='ocrx_word' id='word_1_179' title='bbox 763 2286 832 2361; x_wconf 92' lang='lat' dir='ltr'>erit,</span> <span class='ocrx_word' id='word_1_180' title='bbox 847 2287 957 2346; x_wconf 91' lang='lat' dir='ltr'>nullius</span> <span class='ocrx_word' id='word_1_181' title='bbox 971 2286 1103 2347; x_wconf 90' lang='lat' dir='ltr'>amicitia</span> <span class='ocrx_word' id='word_1_182' title='bbox 1116 2303 1165 2347; x_wconf 91' lang='lat' dir='ltr'>ca·</span> 
     </span>
     <span class='ocr_line' id='line_1_25' title="bbox 194 2369 1166 2445; baseline 0 -15"><span class='ocrx_word' id='word_1_183' title='bbox 194 2370 303 2445; x_wconf 86' lang='lat' dir='ltr'>pilulis,</span> <span class='ocrx_word' id='word_1_184' title='bbox 320 2369 430 2430; x_wconf 91' lang='lat' dir='ltr'>nullius</span> <span class='ocrx_word' id='word_1_185' title='bbox 447 2377 626 2445; x_wconf 89' lang='lat' dir='ltr'>sumptuosa</span> <span class='ocrx_word' id='word_1_186' title='bbox 642 2370 826 2430; x_wconf 90' lang='lat' dir='ltr'>observatio.</span> <span class='ocrx_word' id='word_1_187' title='bbox 849 2371 929 2430; x_wconf 90' lang='lat' dir='ltr'>ieres</span> <span class='ocrx_word' id='word_1_188' title='bbox 945 2370 1064 2442; x_wconf 86' lang='lat' dir='ltr'>exiliis,</span> <span class='ocrx_word' id='word_1_189' title='bbox 1082 2372 1166 2445; x_wconf 90' lang='lat' dir='ltr'>quic-</span> 
     </span>
     <span class='ocr_line' id='line_1_26' title="bbox 196 2454 1166 2530; baseline 0 -16"><span class='ocrx_word' id='word_1_190' title='bbox 196 2455 269 2528; x_wconf 88' lang='lat' dir='ltr'>quid</span> <span class='ocrx_word' id='word_1_191' title='bbox 292 2457 386 2516; x_wconf 91' lang='lat' dir='ltr'>voles.</span> <span class='ocrx_word' id='word_1_192' title='bbox 422 2471 476 2530; x_wconf 91' lang='lat' dir='ltr'>per</span> <span class='ocrx_word' id='word_1_193' title='bbox 497 2455 565 2516; x_wconf 92' lang='lat' dir='ltr'>illas</span> <span class='ocrx_word' id='word_1_194' title='bbox 585 2471 645 2514; x_wconf 93' lang='lat' dir='ltr'>non</span> <span class='ocrx_word' id='word_1_195' title='bbox 668 2455 772 2526; x_wconf 88' lang='lat' dir='ltr'>stabit,</span> <span class='ocrx_word' id='word_1_196' title='bbox 804 2454 966 2528; x_wconf 82' lang='lat' dir='ltr'>quominus</span> <span class='ocrx_word' id='word_1_197' title='bbox 995 2455 1166 2530; x_wconf 91' lang='lat' dir='ltr'>plurimum,</span> 
     </span>
     <span class='ocr_line' id='line_1_27' title="bbox 165 2537 1166 2614; baseline -0.004 -12"><span class='ocrx_word' id='word_1_198' title='bbox 165 2546 340 2612; x_wconf 78' lang='lat' dir='ltr'>aquantur</span> <span class='ocrx_word' id='word_1_199' title='bbox 366 2540 500 2614; x_wconf 88' lang='lat' dir='ltr'>ceperis,</span> <span class='ocrx_word' id='word_1_200' title='bbox 527 2539 658 2599; x_wconf 88' lang='lat' dir='ltr'>haurias.</span> <span class='ocrx_word' id='word_1_201' title='bbox 694 2537 777 2611; x_wconf 83' lang='lat' dir='ltr'>Quae</span> <span class='ocrx_word' id='word_1_202' title='bbox 798 2537 880 2598; x_wconf 92' lang='lat' dir='ltr'>illum</span> <span class='ocrx_word' id='word_1_203' title='bbox 904 2537 1046 2612; x_wconf 83' lang='lat' dir='ltr'>felicitas,</span> <span class='ocrx_word' id='word_1_204' title='bbox 1074 2555 1166 2614; x_wconf 91' lang='lat' dir='ltr'>quam</span> 
     </span>
     <span class='ocr_line' id='line_1_28' title="bbox 195 2622 1164 2698; baseline -0.001 -17"><span class='ocrx_word' id='word_1_205' title='bbox 195 2623 320 2697; x_wconf 90' lang='lat' dir='ltr'>pulchra</span> <span class='ocrx_word' id='word_1_206' title='bbox 336 2629 479 2684; x_wconf 90' lang='lat' dir='ltr'>senectus</span> <span class='ocrx_word' id='word_1_207' title='bbox 495 2630 608 2694; x_wconf 90' lang='lat' dir='ltr'>manet,</span> <span class='ocrx_word' id='word_1_208' title='bbox 626 2623 676 2698; x_wconf 91' lang='lat' dir='ltr'>qui</span> <span class='ocrx_word' id='word_1_209' title='bbox 691 2639 726 2682; x_wconf 91' lang='lat' dir='ltr'>se</span> <span class='ocrx_word' id='word_1_210' title='bbox 740 2622 770 2681; x_wconf 94' lang='lat' dir='ltr'>in</span> <span class='ocrx_word' id='word_1_211' title='bbox 786 2622 893 2682; x_wconf 91' lang='lat' dir='ltr'>horum</span> <span class='ocrx_word' id='word_1_212' title='bbox 911 2622 1079 2684; x_wconf 88' lang='lat' dir='ltr'>clientelam</span> <span class='ocrx_word' id='word_1_213' title='bbox 1091 2637 1164 2683; x_wconf 91' lang='lat' dir='ltr'>con·</span> 
     </span>
     <span class='ocr_line' id='line_1_29' title="bbox 196 2704 1165 2783; baseline 0.001 -18"><span class='ocrx_word' id='word_1_214' title='bbox 196 2706 277 2765; x_wconf 79' lang='lat' dir='ltr'>luliti</span> <span class='ocrx_word' id='word_1_215' title='bbox 291 2706 427 2780; x_wconf 88' lang='lat' dir='ltr'>habebit,</span> <span class='ocrx_word' id='word_1_216' title='bbox 444 2723 512 2767; x_wconf 92' lang='lat' dir='ltr'>cum</span> <span class='ocrx_word' id='word_1_217' title='bbox 529 2707 639 2782; x_wconf 92' lang='lat' dir='ltr'>quibus</span> <span class='ocrx_word' id='word_1_218' title='bbox 655 2706 693 2766; x_wconf 93' lang='lat' dir='ltr'>de</span> <span class='ocrx_word' id='word_1_219' title='bbox 707 2705 838 2766; x_wconf 92' lang='lat' dir='ltr'>minimis</span> <span class='ocrx_word' id='word_1_220' title='bbox 854 2704 1057 2783; x_wconf 86' lang='lat' dir='ltr'>maximisque</span> <span class='ocrx_word' id='word_1_221' title='bbox 1071 2707 1165 2766; x_wconf 89' lang='lat' dir='ltr'>rebus</span> 
     </span>
     <span class='ocr_line' id='line_1_30' title="bbox 194 2789 1167 2866; baseline 0.002 -18"><span class='ocrx_word' id='word_1_222' title='bbox 194 2789 355 2860; x_wconf 91' lang='lat' dir='ltr'>deliberet,</span> <span class='ocrx_word' id='word_1_223' title='bbox 384 2807 462 2866; x_wconf 91' lang='lat' dir='ltr'>quos</span> <span class='ocrx_word' id='word_1_224' title='bbox 485 2790 523 2850; x_wconf 91' lang='lat' dir='ltr'>de</span> <span class='ocrx_word' id='word_1_225' title='bbox 545 2806 579 2850; x_wconf 91' lang='lat' dir='ltr'>se</span> <span class='ocrx_word' id='word_1_226' title='bbox 595 2789 705 2851; x_wconf 91' lang='lat' dir='ltr'>cotidie</span> <span class='ocrx_word' id='word_1_227' title='bbox 721 2791 875 2862; x_wconf 88' lang='lat' dir='ltr'>consulat,</span> <span class='ocrx_word' id='word_1_228' title='bbox 901 2789 1045 2865; x_wconf 90' lang='lat' dir='ltr'>aquibus</span> <span class='ocrx_word' id='word_1_229' title='bbox 1062 2790 1167 2850; x_wconf 88' lang='lat' dir='ltr'>audiat</span> 
     </span>
     <span class='ocr_line' id='line_1_31' title="bbox 195 2872 1163 2949; baseline 0.002 -18"><span class='ocrx_word' id='word_1_230' title='bbox 195 2888 297 2932; x_wconf 88' lang='lat' dir='ltr'>verum</span> <span class='ocrx_word' id='word_1_231' title='bbox 315 2875 381 2934; x_wconf 90' lang='lat' dir='ltr'>sinc</span> <span class='ocrx_word' id='word_1_232' title='bbox 396 2875 586 2948; x_wconf 92' lang='lat' dir='ltr'>contumelia,</span> <span class='ocrx_word' id='word_1_233' title='bbox 602 2874 741 2935; x_wconf 88' lang='lat' dir='ltr'>laudetur</span> <span class='ocrx_word' id='word_1_234' title='bbox 754 2872 821 2934; x_wconf 91' lang='lat' dir='ltr'>sine</span> <span class='ocrx_word' id='word_1_235' title='bbox 836 2875 1018 2948; x_wconf 91' lang='lat' dir='ltr'>adulatione,</span> <span class='ocrx_word' id='word_1_236' title='bbox 1033 2875 1072 2934; x_wconf 95' lang='lat' dir='ltr'>ad</span> <span class='ocrx_word' id='word_1_237' title='bbox 1089 2891 1163 2949; x_wconf 90' lang='lat' dir='ltr'>quo-</span> 
     </span>
     <span class='ocr_line' id='line_1_32' title="bbox 163 2957 1166 3032; baseline 0.002 -16"><span class='ocrx_word' id='word_1_238' title='bbox 163 2962 180 3016; x_wconf 77' lang='lat' dir='ltr'>b</span> <span class='ocrx_word' id='word_1_239' title='bbox 194 2975 261 3017; x_wconf 88' lang='lat' dir='ltr'>rum</span> <span class='ocrx_word' id='word_1_240' title='bbox 280 2974 315 3018; x_wconf 91' lang='lat' dir='ltr'>se</span> <span class='ocrx_word' id='word_1_241' title='bbox 330 2957 553 3018; x_wconf 90' lang='lat' dir='ltr'>similitudinem</span> <span class='ocrx_word' id='word_1_242' title='bbox 569 2957 700 3032; x_wconf 80' lang='lat' dir='ltr'>effingat.</span> <span class='ocrx_word' id='word_1_243' title='bbox 722 2957 862 3018; x_wconf 89' lang='lat' dir='ltr'>Solemus</span> <span class='ocrx_word' id='word_1_244' title='bbox 876 2958 977 3018; x_wconf 90' lang='lat' dir='ltr'>dicere</span> <span class='ocrx_word' id='word_1_245' title='bbox 994 2975 1055 3019; x_wconf 92' lang='lat' dir='ltr'>non</span> <span class='ocrx_word' id='word_1_246' title='bbox 1068 2959 1166 3020; x_wconf 89' lang='lat' dir='ltr'>luisse</span> 
     </span>
     <span class='ocr_line' id='line_1_33' title="bbox 194 3041 1165 3118; baseline 0.001 -18"><span class='ocrx_word' id='word_1_247' title='bbox 194 3042 223 3101; x_wconf 94' lang='lat' dir='ltr'>in</span> <span class='ocrx_word' id='word_1_248' title='bbox 241 3049 526 3117; x_wconf 84' lang='lat' dir='ltr'>nostra-potestate,</span> <span class='ocrx_word' id='word_1_249' title='bbox 550 3059 628 3118; x_wconf 88' lang='lat' dir='ltr'>quos</span> <span class='ocrx_word' id='word_1_250' title='bbox 642 3041 819 3102; x_wconf 89' lang='lat' dir='ltr'>sortiremur</span> <span class='ocrx_word' id='word_1_251' title='bbox 833 3051 992 3116; x_wconf 91' lang='lat' dir='ltr'>parentes,</span> <span class='ocrx_word' id='word_1_252' title='bbox 1016 3044 1093 3103; x_wconf 91' lang='lat' dir='ltr'>iorte</span> <span class='ocrx_word' id='word_1_253' title='bbox 1111 3058 1165 3101; x_wconf 90' lang='lat' dir='ltr'>no·</span> 
     </span>
     <span class='ocr_line' id='line_1_34' title="bbox 195 3125 1165 3188; baseline 0.002 -4"><span class='ocrx_word' id='word_1_254' title='bbox 195 3125 241 3186; x_wconf 91' lang='lat' dir='ltr'>bis</span> <span class='ocrx_word' id='word_1_255' title='bbox 267 3129 372 3188; x_wconf 82' lang='lat' dir='ltr'>datos:</span> <span class='ocrx_word' id='word_1_256' title='bbox 398 3126 487 3188; x_wconf 90' lang='lat' dir='ltr'>nobis</span> <span class='ocrx_word' id='word_1_257' title='bbox 513 3142 586 3187; x_wconf 89' lang='lat' dir='ltr'>vero</span> <span class='ocrx_word' id='word_1_258' title='bbox 604 3128 642 3186; x_wconf 88' lang='lat' dir='ltr'>ad</span> <span class='ocrx_word' id='word_1_259' title='bbox 657 3133 792 3186; x_wconf 89' lang='lat' dir='ltr'>nostrum</span> <span class='ocrx_word' id='word_1_260' title='bbox 810 3127 965 3187; x_wconf 90' lang='lat' dir='ltr'>arbitrium</span> <span class='ocrx_word' id='word_1_261' title='bbox 982 3128 1067 3186; x_wconf 89' lang='lat' dir='ltr'>nasci</span> <span class='ocrx_word' id='word_1_262' title='bbox 1085 3127 1165 3187; x_wconf 84' lang='lat' dir='ltr'>licea</span> 
     </span>
     <span class='ocr_line' id='line_1_35' title="bbox 195 3207 1165 3286; baseline 0.001 -19"><span class='ocrx_word' id='word_1_263' title='bbox 195 3210 452 3271; x_wconf 86' lang='lat' dir='ltr'>nobilissimorum</span> <span class='ocrx_word' id='word_1_264' title='bbox 472 3211 662 3286; x_wconf 85' lang='lat' dir='ltr'>ingeniorum</span> <span class='ocrx_word' id='word_1_265' title='bbox 677 3207 807 3270; x_wconf 82' lang='lat' dir='ltr'>familiae</span> <span class='ocrx_word' id='word_1_266' title='bbox 823 3218 906 3270; x_wconf 82' lang='lat' dir='ltr'>sunt:</span> <span class='ocrx_word' id='word_1_267' title='bbox 932 3209 1010 3284; x_wconf 82' lang='lat' dir='ltr'>elige</span> <span class='ocrx_word' id='word_1_268' title='bbox 1025 3211 1055 3269; x_wconf 94' lang='lat' dir='ltr'>in</span> <span class='ocrx_word' id='word_1_269' title='bbox 1073 3227 1165 3285; x_wconf 90' lang='lat' dir='ltr'>quam</span> 
     </span>
     <span class='ocr_line' id='line_1_36' title="bbox 195 3293 1165 3369; baseline 0.002 -18"><span class='ocrx_word' id='word_1_270' title='bbox 195 3293 328 3354; x_wconf 89' lang='lat' dir='ltr'>adscisci</span> <span class='ocrx_word' id='word_1_271' title='bbox 344 3296 428 3355; x_wconf 89' lang='lat' dir='ltr'>velis.</span> <span class='ocrx_word' id='word_1_272' title='bbox 458 3312 518 3356; x_wconf 92' lang='lat' dir='ltr'>non</span> <span class='ocrx_word' id='word_1_273' title='bbox 534 3295 562 3355; x_wconf 91' lang='lat' dir='ltr'>in</span> <span class='ocrx_word' id='word_1_274' title='bbox 580 3310 689 3355; x_wconf 90' lang='lat' dir='ltr'>nomen</span> <span class='ocrx_word' id='word_1_275' title='bbox 704 3301 818 3353; x_wconf 90' lang='lat' dir='ltr'>tantum</span> <span class='ocrx_word' id='word_1_276' title='bbox 834 3294 1045 3369; x_wconf 90' lang='lat' dir='ltr'>adoptaberis‚</span> <span class='ocrx_word' id='word_1_277' title='bbox 1063 3295 1117 3354; x_wconf 90' lang='lat' dir='ltr'>sed</span> <span class='ocrx_word' id='word_1_278' title='bbox 1135 3295 1165 3353; x_wconf 94' lang='lat' dir='ltr'>in</span> 
     </span>
     <span class='ocr_line' id='line_1_37' title="bbox 195 3375 1165 3452; baseline 0.003 -17"><span class='ocrx_word' id='word_1_279' title='bbox 195 3375 264 3448; x_wconf 91' lang='lat' dir='ltr'>ipsa</span> <span class='ocrx_word' id='word_1_280' title='bbox 285 3377 378 3447; x_wconf 91' lang='lat' dir='ltr'>bona,</span> <span class='ocrx_word' id='word_1_281' title='bbox 408 3395 486 3452; x_wconf 90' lang='lat' dir='ltr'>quae</span> <span class='ocrx_word' id='word_1_282' title='bbox 507 3397 568 3440; x_wconf 93' lang='lat' dir='ltr'>non</span> <span class='ocrx_word' id='word_1_283' title='bbox 590 3387 677 3439; x_wconf 76' lang='lat' dir='ltr'>errant</span> <span class='ocrx_word' id='word_1_284' title='bbox 697 3378 821 3438; x_wconf 91' lang='lat' dir='ltr'>sordide</span> <span class='ocrx_word' id='word_1_285' title='bbox 844 3395 899 3438; x_wconf 91' lang='lat' dir='ltr'>nec</span> <span class='ocrx_word' id='word_1_286' title='bbox 915 3376 1046 3451; x_wconf 82' lang='lat' dir='ltr'>maligne</span> <span class='ocrx_word' id='word_1_287' title='bbox 1062 3385 1165 3438; x_wconf 92' lang='lat' dir='ltr'>custo·</span> 
     </span>
     <span class='ocr_line' id='line_1_38' title="bbox 166 3459 1164 3539; baseline 0.003 -21"><span class='ocrx_word' id='word_1_288' title='bbox 166 3459 321 3520; x_wconf 79' lang='lat' dir='ltr'>4dienda=</span> <span class='ocrx_word' id='word_1_289' title='bbox 343 3463 458 3522; x_wconf 92' lang='lat' dir='ltr'>maiora</span> <span class='ocrx_word' id='word_1_290' title='bbox 472 3463 560 3535; x_wconf 89' lang='lat' dir='ltr'>fient,</span> <span class='ocrx_word' id='word_1_291' title='bbox 583 3480 643 3539; x_wconf 91' lang='lat' dir='ltr'>quo</span> <span class='ocrx_word' id='word_1_292' title='bbox 659 3462 709 3522; x_wconf 92' lang='lat' dir='ltr'>illa</span> <span class='ocrx_word' id='word_1_293' title='bbox 723 3461 862 3537; x_wconf 90' lang='lat' dir='ltr'>pluribus</span> <span class='ocrx_word' id='word_1_294' title='bbox 878 3461 1030 3522; x_wconf 86' lang='lat' dir='ltr'>diviseris.</span> <span class='ocrx_word' id='word_1_295' title='bbox 1060 3462 1097 3521; x_wconf 91' lang='lat' dir='ltr'>Hi</span> <span class='ocrx_word' id='word_1_296' title='bbox 1112 3462 1164 3522; x_wconf 90' lang='lat' dir='ltr'>tibi</span> 
     </span>
     <span class='ocr_line' id='line_1_39' title="bbox 197 3543 1163 3622; baseline 0.003 -20"><span class='ocrx_word' id='word_1_297' title='bbox 197 3543 313 3604; x_wconf 89' lang='lat' dir='ltr'>dabunt</span> <span class='ocrx_word' id='word_1_298' title='bbox 336 3546 374 3604; x_wconf 90' lang='lat' dir='ltr'>ad</span> <span class='ocrx_word' id='word_1_299' title='bbox 390 3546 594 3606; x_wconf 90' lang='lat' dir='ltr'>aeternitatem</span> <span class='ocrx_word' id='word_1_300' title='bbox 610 3547 665 3606; x_wconf 90' lang='lat' dir='ltr'>iter</span> <span class='ocrx_word' id='word_1_301' title='bbox 679 3553 709 3606; x_wconf 92' lang='lat' dir='ltr'>et</span> <span class='ocrx_word' id='word_1_302' title='bbox 722 3553 752 3606; x_wconf 90' lang='lat' dir='ltr'>te</span> <span class='ocrx_word' id='word_1_303' title='bbox 767 3545 795 3605; x_wconf 91' lang='lat' dir='ltr'>in</span> <span class='ocrx_word' id='word_1_304' title='bbox 812 3546 893 3606; x_wconf 93' lang='lat' dir='ltr'>illum</span> <span class='ocrx_word' id='word_1_305' title='bbox 909 3548 1021 3618; x_wconf 91' lang='lat' dir='ltr'>locum,</span> <span class='ocrx_word' id='word_1_306' title='bbox 1044 3561 1084 3605; x_wconf 86' lang='lat' dir='ltr'>ex</span> <span class='ocrx_word' id='word_1_307' title='bbox 1101 3562 1163 3622; x_wconf 89' lang='lat' dir='ltr'>quo</span> 
     </span>
    </p>
   </div>
   <div class='ocr_carea' id='block_1_3' title="bbox 0 0 1224 3968">
    <p class='ocr_par' dir='ltr' id='par_1_3' title="bbox 0 0 1224 3968">
     <span class='ocr_line' id='line_1_40' title="bbox 0 0 1224 3968; baseline 0 0"><span class='ocrx_word' id='word_1_308' title='bbox 0 0 1224 3968; x_wconf 95' lang='lat' dir='ltr'> </span> 
     </span>
    </p>
   </div>
  </div>
 </body>
</html>
