2438 3968
189 265 250 333 118
370 269 403 327 L.
426 268 571 327 ANNAEl
593 269 964 330 senectudinem.

187 440 246 500 pus
261 420 467 496 exstinguunt.
497 437 571 482 aves
593 437 660 481 oum
676 421 806 482 stridore
820 437 931 498 magno
947 423 1055 483 inanes
1070 423 1162 486 nidos

187 507 502 580 circumiremuerunt,
528 506 605 566 intra
625 513 809 566 momentum
825 513 925 566 tamen
941 507 1062 581 quietae
1075 502 1163 569 'vola—

185 599 235 651 tus
250 607 325 651 suos
340 597 487 665 repetunt.
510 604 567 649 nec
582 590 633 648 ulli
648 590 767 649 animali
782 593 905 664 longum
921 591 999 651 letus
1016 590 1064 651 sui
1080 592 1162 651 desi-

187 675 303 735 derium
319 681 366 734 est
380 673 438 733 nisi
453 673 578 744 homini,
601 673 652 746 qui
671 673 760 733 adest
781 674 879 733 dolori
901 691 957 752 suo
973 689 1031 733 nec
1045 682 1162 734 tantum

157 765 332 833 equantum
358 758 461 830 sentit,
489 757 545 816 sed
572 764 715 831 quantum
741 757 909 830 constituit,
934 758 1085 818 adficitur.
1123 758 1164 819 Ut

186 842 267 902 scias
282 848 456 901 autemnon
472 854 543 900 esse
564 839 623 900 hoc
642 842 793 914 naturale,
815 841 946 902 luctibus
961 842 1074 916 frangi,
1101 843 1162 916 pri-

186 942 267 986 murn
283 925 380 998 magis
402 923 528 983 seminas
545 940 634 998 quarn
654 925 753 997 11103,
779 925 876 999 magis
897 925 1046 984 barbaros
1069 941 1162 999 quam

186 1008 327 1086 placidae
354 1008 553 1082 eruditaeque
584 1009 682 1081 gentis
710 1007 864 1081 homines,
895 1007 993 1084 magis
1018 1009 1163 1069 indoctos

188 1109 278 1168 quam
300 1092 409 1152 doctos
432 1091 538 1150 eadem
566 1090 679 1150 orbitas
699 1091 845 1152 volnerat.
879 1093 962 1167 atqui
983 1108 1021 1152 ea
1042 1108 1124 1168 quae
1146 1109 1163 1151 a

186 1182 293 1237 natura
316 1174 378 1234 vim
403 1183 602 1249 acceperunt,
637 1176 773 1235 eamdem
798 1176 829 1235 in
855 1175 996 1236 omnibus
1022 1183 1162 1236 servant:

159 1260 314 1335 ladparet
327 1276 388 1319 non
405 1275 476 1318 esse
491 1261 626 1319 naturale
643 1260 725 1333 quod
740 1259 856 1319 varium
872 1267 927 1319 est.
955 1260 1037 1334 Ignis
1055 1275 1163 1321 omnes

186 1349 301 1404 aetates
324 1344 516 1417 omniumque
536 1342 654 1402 urbium
677 1342 760 1402 cives
782 1351 842 1403 tam
861 1343 947 1403 viros
964 1361 1055 1418 quam
1077 1344 1163 1403 lerni-

185 1445 242 1489 nus
263 1436 339 1489 uret.
369 1430 480 1487 serrum
501 1425 532 1486 in
549 1427 629 1487 omni
651 1443 779 1500 corpore
795 1426 949 1487 exhibebit
963 1427 1092 1488 secandi
1109 1445 1162 1503 po-

184 1512 317 1572 tentiam.
341 1519 456 1587 quare?
478 1511 549 1586 quia
563 1512 645 1570 vires
660 1511 701 1569 illi
716 1526 735 1568 a
748 1517 855 1570 natura
870 1512 959 1570 datae
975 1520 1059 1585 sunt,
1084 1528 1164 1586 quae

185 1594 258 1655 nihil
273 1597 303 1654 in
320 1612 483 1670 personam
499 1595 660 1655 constituit.
682 1593 908 1669 Paupertatem,
923 1596 1051 1668 luctum,
1067 1595 1163 1655 ambi-

186 1680 299 1738 tionem
314 1680 391 1740 alius
406 1679 492 1739 aliter
511 1678 616 1752 sentit,
637 1686 727 1752 prout
742 1679 824 1738 illum
842 1678 1032 1738 consuetudo
1049 1679 1162 1739 iniecit.

186 1771 216 1821 et
240 1762 412 1822 inbecillum
436 1762 694 1836 inpatientemque
714 1760 815 1822 reddit
837 1770 1035 1836 praesumpta
1057 1763 1162 1837 opinio

187 1846 225 1904 de
240 1862 301 1905 non
316 1847 456 1905 timendis
472 1847 623 1906 terribilis.

158 1938 173 1990 1
246 1928 325 1987 Vlll.
347 1929 465 1988 Deinde
482 1930 564 2004 quod
580 1930 716 1988 naturale
732 1937 794 2001 est,
816 1945 878 1989 nou
895 1929 1045 1988 decrescit
1059 1946 1162 1991 mora:

188 2013 325 2072 dolorem
352 2012 419 2072 dies
445 2013 536 2086 longa
562 2013 721 2072 consumit.
756 2013 827 2072 licet
851 2011 1162 2086 contumacissimam,

188 2095 298 2156 cotidie
324 2097 529 2171 insurgentem
555 2103 586 2156 et
610 2104 715 2155 contra
739 2096 874 2156 remedia
899 2080 1162 2170 effervescentem,

187 2189 286 2239 tamen
309 2180 390 2239 illum
414 2180 658 2240 efficacissimum
678 2179 861 2254 mitigandae
882 2180 1015 2240 ferociae
1040 2189 1162 2256 tempus

158 2270 320 2327 aenervat.
349 2264 451 2322 llllanet
467 2263 589 2339 quidem
603 2264 671 2336 tibi,
691 2264 821 2337 Marcia,
842 2264 931 2324 etiarn
952 2281 1033 2325 nunc
1053 2264 1163 2342 ingens

188 2348 306 2408 tristitia
321 2357 350 2408 et
364 2348 422 2407 iam
439 2349 557 2409 videtur
572 2348 698 2408 duxisse
713 2349 836 2418 callum,
858 2365 919 2408 non
937 2348 987 2408 illa
1001 2347 1162 2422 concitata,

189 2432 288 2507 qualis
303 2432 333 2492 in
348 2432 398 2491 illa
413 2432 481 2506 luit,
503 2433 559 2492 sed
573 2433 714 2508 pertinax
736 2441 765 2492 et
779 2431 946 2492 obstinata:
968 2439 1069 2491 tamen
1085 2433 1164 2492 hanc

189 2531 315 2590 quoque
330 2515 383 2576 tibi
404 2525 488 2576 aetas
504 2515 670 2576 minutatim
686 2517 806 2575 eximet.
835 2516 976 2590 quotiens
993 2515 1078 2575 aliud
1092 2532 1162 2591 ege-

158 2600 245 2672 3ris‚
268 2599 385 2658 animus
405 2600 600 2659 relaxabitur.
633 2615 695 2660 non
714 2606 744 2659 te
765 2598 834 2674 ipsa
856 2600 1002 2659 custodis.
1034 2599 1163 2660 Multum

187 2691 288 2742 autem
303 2683 436 2755 interest,
459 2690 558 2743 utrum
573 2684 626 2744 tibi
642 2683 796 2758 permittas
811 2699 948 2744 moerere
964 2700 1001 2742 an
1018 2682 1162 2758 imperes.

188 2774 300 2840 quanto
326 2768 423 2842 magis
448 2767 508 2826 hoc
533 2784 648 2827 morum
673 2774 793 2827 tuorum
820 2767 988 2842 elegantiae
1009 2767 1163 2841 convenit,

188 2851 280 2909 linem
302 2852 401 2910 luctus
422 2851 526 2926 potius
547 2852 648 2911 lacere
669 2868 760 2925 quam
781 2857 976 2925 exspectare,
1002 2866 1061 2909 nec
1078 2849 1163 2911 illum

189 2934 323 3008 opperiri
348 2935 443 3008 diem,
478 2952 538 3009 quo
564 2942 594 2994 te
619 2933 712 2994 invita
737 2935 825 2994 dolor
850 2935 990 2994 desinat?
1026 2934 1097 3008 ipsa
1121 2933 1163 2993 illi

186 3017 336 3079 renuntia.
804 3061 808 3070 .

160 3107 176 3160 1
251 3103 299 3161 IX.
321 3101 409 3163 Unde
424 3119 497 3177 ergo
514 3109 596 3162 tanta
617 3102 706 3163 nobis
722 3101 888 3177 pertinacia
903 3103 932 3162 in
950 3101 1163 3176 deploratione

187 3187 297 3258 nostri,
320 3186 347 3246 si
366 3186 397 3245 id
418 3202 479 3247 non
501 3186 534 3246 lit
548 3193 674 3247 naturae
688 3186 797 3247 iussu?
823 3186 907 3260 quod
929 3183 1027 3246 nihil
1047 3185 1163 3248 nobis

186 3270 289 3342 mali,
321 3278 524 3346 antequam
549 3269 718 3343 eveniat,
753 3269 1019 3345 proponimus,
1046 3269 1104 3330 sed
1129 3280 1164 3333 ut

187 3352 326 3413 inmunes
349 3353 408 3428 ipsi
433 3361 464 3414 et
485 3355 551 3415 aliis
574 3353 712 3428 pacatius
737 3353 869 3428 ingressi
891 3354 947 3413 iter
968 3352 1077 3414 alienis
1099 3371 1162 3417 non

156 3436 382 3498 aadmonemur
407 3438 529 3498 casibus
551 3439 619 3498 illos
645 3452 715 3498 esse
741 3452 927 3497 communes.
956 3439 1013 3497 Tot
1038 3445 1163 3512 praeter

186 3521 308 3582 domum
323 3529 456 3582 nostram
472 3521 621 3582 ducuntur
636 3522 815 3596 exsequiae:
835 3522 873 3581 de
887 3529 983 3582 morte
998 3538 1059 3581 non
1076 3525 1160 3599 cogi·
