2438 3968
448 249 678 300 PRAEFATIO.
1052 265 1071 300 v

126 386 232 437 Dicendi
254 401 313 436 vera
329 399 391 434 usus
409 392 527 435 accurata
542 386 681 437 observatio
700 386 808 437 eumad
825 386 891 437 alias
909 402 951 438 res
969 390 1072 454 gravio-

57 470 99 507 res
120 464 159 506 est
177 455 333 514 necessaria,
355 478 390 493 ·-
411 469 495 517 neque
519 455 585 504 euim
601 455 655 503 sine
674 469 704 504 aa
721 455 776 504 lieri
792 457 900 522 poterit,
924 465 953 505 ut
968 457 1071 507 tandem

57 524 194 587 aliquando
216 523 338 574 condatur
359 523 464 588 liuguae
480 523 572 573 latinae
588 524 693 573 historia
711 524 796 573 causis
812 526 866 575 suis
882 525 1072 589 rationibusque

57 593 186 658 explicata
202 619 251 659 ¹--‚
269 600 324 642 tum
341 593 375 642 ad
392 590 591 642 emendationem
607 607 728 657 magnum
741 592 803 642 mihi
815 593 864 642 hoo
877 594 1000 644 auxilium
1013 594 1071 655 luit,

57 662 138 712 multo
156 661 184 711 id
200 663 283 711 mains
301 660 426 726 intutum,
452 661 475 710 si
492 661 548 723 quis
565 661 651 711 dedita
669 676 746 727 opera
762 661 836 726 plene
854 662 919 712 hanc
940 664 1072 713 materiam

56 730 254 796 pertractaverit.
289 728 391 779 Nullum
413 737 498 778 autem
513 731 632 779 vitiorum
651 745 732 795 genus
747 730 774 779 in
792 728 903 781 Senecae
917 730 989 780 libris
1006 746 1069 781 mss.

58 799 216 862 frequentius
240 806 293 858 est,
316 813 392 862 quam
415 799 485 861 quod
508 799 541 848 ad
564 799 696 849 vincienda
713 806 738 850 et
756 799 934 865 distinguenda
951 801 1072 850 orationis

58 869 175 919 membra
195 868 319 934 pertinet;
345 865 442 917 librarii
460 869 526 917 enim
550 867 615 917 ferre
637 883 687 917 non
710 875 826 934 poterant
843 869 932 918 crebra
949 869 1072 935 asyndeta

58 946 103 987 aut
126 937 152 986 in
169 935 302 987 vocabulis
319 936 523 987 demonstrativis
537 936 699 987 relativorum
714 937 771 986 loco
786 937 878 1002 positis
896 937 1073 988 desiderabant

58 1006 214 1072 elegantiam
235 1015 259 1055 et
280 1006 426 1056 nesciebant
447 1004 618 1071 pluraquam
643 1005 703 1055 olim
724 1005 850 1056 adverbia-
868 1007 1073 1056 coniunctionum

59 1074 221 1140 destringi,
239 1089 286 1124 nec
303 1075 365 1124 satis
383 1075 496 1139 cognitas
514 1074 639 1124 habebant
656 1074 756 1131 dicendi
771 1073 891 1125 lormulas
904 1083 985 1125 certas
998 1090 1073 1138 quas-

59 1145 133 1203 dam,
150 1158 215 1207 quae
232 1151 256 1194 et
273 1144 346 1208 ipsae
363 1143 397 1193 ad
415 1144 603 1209 coniungendas
620 1142 660 1192 vel
678 1144 860 1208 disiungendas
878 1143 997 1194 orationls
1014 1157 1073 1209 par-

58 1220 98 1263 tes
119 1213 243 1264 constanti
265 1226 315 1262 usu
337 1219 453 1276 receptae
474 1220 558 1270 eraut,
581 1213 673 1276 partim
695 1211 753 1262 illae
772 1226 788 1262 a
804 1213 888 1277 poetis
905 1213 1016 1278 primum
1034 1213 1073 1262 in·

59 1282 165 1342 ductae,
188 1281 282 1346 partim
299 1296 313 1330 e
331 1280 481 1330 scholastica
498 1281 654 1330 declamandi
671 1281 851 1331 consuetudine
869 1288 894 1330 et
910 1296 960 1331 usu
978 1280 1072 1331 sorensi

59 1350 186 1410 adscitae,
205 1351 297 1414 partim
320 1350 395 1399 etiam
413 1351 529 1400 iuventas
545 1349 591 1398 illa
604 1356 698 1409 aetate,
717 1363 767 1411 qua
784 1350 920 1416 scriptores
940 1351 1072 1415 ingeniose

59 1419 188 1470 ambitiosi
209 1433 255 1483 pso
280 1432 308 1467 se
332 1419 439 1480 quiaque
460 1419 487 1468 in
507 1418 609 1469 dicendi
625 1427 678 1467 arte
692 1424 764 1466 erant
778 1431 901 1467 novarum
917 1433 1002 1468 rerum
1019 1426 1073 1468 stu·

59 1489 139 1547 diosi,
165 1502 221 1537 cum
240 1501 324 1536 sermo
339 1493 436 1546 rectus,
462 1495 491 1536 ut
507 1488 543 1536 ait
559 1486 738 1546 Quintilianus,
757 1492 782 1534 et
800 1486 940 1537 secundum
958 1494 1072 1536 naturam

59 1556 208 1607 enunciatus
226 1554 289 1604 nihil
305 1553 399 1605 habere
417 1569 449 1603 ex
465 1555 566 1621 ingenio
584 1555 725 1613 videretur,
744 1554 789 1602 illa
807 1569 879 1614 vero,
898 1562 1073 1618 quaeutoum·

59 1640 110 1689 qne
127 1624 228 1675 deflexa
246 1630 343 1682 essent,
367 1623 482 1673 homines
500 1624 691 1673 admirarentur.
727 1620 778 1672 Sed
796 1623 828 1674 de
846 1631 898 1674 toto
915 1623 964 1673 hoo
981 1639 1074 1689 genera

58 1693 131 1743 vario
156 1702 182 1743 et
203 1691 335 1757 multiplici
357 1707 406 1757 ego
433 1707 500 1741 nunc
519 1707 601 1758 pauca
624 1690 739 1756 exempla
758 1691 873 1756 prolerre
896 1693 959 1742 satis
981 1693 1073 1758 habeo,

60 1776 126 1826 quae
143 1761 178 1812 ad
191 1760 372 1826 particularum
389 1761 545 1823 quarundam
561 1775 636 1810 usum
653 1761 801 1824 pertinent·
824 1793 827 1803 ·

129 1828 251 1881 Navicius
267 1836 345 1880 estet
362 1829 578 1892 frequentissimus
595 1830 663 1894 apud
678 1826 797 1879 Senecam
817 1831 1000 1879 etiamnunc
1015 1843 1074 1894 par-

58 1897 154 1949 ticulae
171 1913 234 1949 usus
246 1899 278 1954 is,
296 1914 371 1960 quem
384 1900 473 1963 paucis
487 1899 571 1964 attigit
582 1897 662 1947 Hand.
677 1899 783 1947 Turseli.
795 1899 826 1956 Π,
841 1897 1074 1962 pascuosam

59 1967 178 2033 exempla
186 1975 245 2018 sunt
254 1969 335 2033 Epist.
342 1967 384 2031 20,
395 1969 420 2016 4.
431 1965 474 2027 92,
482 1968 523 2016 12.
531 1966 660 2016 deBeueff.
667 1967 709 2031 111,
715 1966 741 2031 8,
748 1969 772 2017 2.
784 1966 826 2025 35,
833 1967 857 2016 2.
869 1967 985 2027 v,1a,4.
995 1964 1037 2025 19,
1046 1967 1073 2015 4.

59 2037 220 2100 Du1.1v‚.'>,
235 2038 260 2087 1.
278 2036 332 2095 Vll,
349 2035 375 2098 9,
392 2037 418 2085 4.
437 2034 659 2097 xt‚8,1..18‚3.
678 2043 704 2084 et
717 2035 769 2085 alia
780 2035 902 2101 plurima3
920 2036 1074 2099 adquorum

59 2120 173 2157 normam
196 2105 362 2157 dubitandum
385 2120 434 2154 non
456 2112 507 2165 est,
531 2106 591 2167 quin
610 2104 709 2153 duobus
731 2105 796 2154 locis
813 2103 991 2165 nial.x1‚.3,
1006 2101 1031 2154 3.
1049 2111 1075 2154 et

59 2174 117 2225 Nat.
128 2175 269 2238 quaesttl,
286 2177 313 2238 4,
332 2175 357 2226 1.
376 2180 442 2223 recte
457 2173 602 2238 scripserim
619 2173 816 2234 etiamnunc,
840 2188 898 2223 cnm
914 2180 989 2224 autea
1003 2171 1075 2237 lege·

60 2251 130 2293 retur
148 2244 211 2293 iam
232 2257 329 2302 nunc,
355 2242 386 2292 de
410 2243 502 2305 quibus
519 2241 650 2307 particulis
668 2241 732 2291 alibi
749 2241 812 2292 dixi.
849 2240 902 2292 Nec
918 2243 1002 2292 miuus
1020 2255 1075 2290 cer-

59 2321 139 2371 tum‚·
153 2310 237 2362 locum
261 2311 312 2362 alio
331 2312 407 2361 modo
430 2318 576 2376 corruptum
592 2311 624 2360 de
640 2309 733 2361 Beuell.
750 2311 783 2371 V,
803 2311 850 2371 12,
869 2309 896 2362 3.
915 2312 942 2359 in
959 2325 989 2360 eo
1006 2317 1075 2360 certe

60 2387 130 2431 recte
147 2395 163 2430 a
178 2394 219 2431 me
234 2381 394 2431 emendatum
412 2394 484 2440 esse,
502 2380 570 2442 quod
588 2380 776 2429 etiamnunc
791 2378 941 2442 particulam
959 2391 1073 2428 cumae·

60 2457 154 2512 queute
170 2450 294 2499 sententia
308 2449 437 2499 coniunxi.

129 2518 179 2568 lta
196 2525 244 2567 est
261 2517 370 2568 formula
387 2525 426 2567 est
439 2518 604 2568 usitatissima
619 2518 688 2583 apud
702 2516 838 2577 Senecam,
857 2531 908 2580 qua
922 2515 991 2578 quod
1000 2523 1076 2566 autea

60 2586 125 2639 dixit
142 2585 274 2636 confirmet
288 2595 313 2636 et
331 2586 386 2635 eius
404 2600 529 2636 summam
546 2586 735 2651 comprehendit
752 2597 778 2636 et
793 2600 888 2636 novum
902 2585 977 2648 quasi
994 2585 1075 2650 impe·

59 2664 115 2706 tum
127 2655 194 2720 capit
204 2656 239 2706 ad
251 2656 319 2705 idem
331 2655 413 2704 denuo
423 2654 481 2704 aliis
494 2655 577 2706 verbis
591 2655 732 2705 dicandum.
757 2656 819 2705 Eius
829 2668 893 2704 usus
901 2654 1075 2715 aliquoteerta

60 2732 86 2777 at
98 2724 234 2777 manifesta
244 2723 361 2789 exempla
371 2723 436 2774 haec
449 2733 520 2773 sunt:
533 2723 699 2788 spissius
710 2721 1074 2788 aestumatissimus

59 2792 171 2853 xi,1,1.
182 2792 215 2843 de
223 2791 354 2852 aenean,
365 2790 407 2852 29,
413 2792 439 2843 9.
451 2792 507 2842 Nat.
516 2791 627 2850 Quaeatt.
634 2794 666 2852 ΙΙ,
675 2791 719 2852 59,
726 2791 751 2843 9.
763 2793 804 2850 111,
816 2793 858 2852 27,
869 2793 895 2842 2.
905 2790 948 2850 Ν,
957 2789 1074 2856 praei-2.

58 2863 101 2913 At>
118 2861 209 2911 horum
227 2861 393 2912 similitudine
408 2861 515 2911 discedit
534 2860 606 2910 locus
630 2860 688 2910 Nat.
707 2860 820 2920 Quaestt.
835 2861 871 2920 11,
889 2857 938 2920 59,
954 2858 981 2909 9.
999 2858 1076 2909 ubic

59 2931 134 2983 lanis
161 2930 234 2980 libris
258 2931 344 2981 itane
368 2945 414 2994 pro
441 2931 487 2980 ita
510 2937 560 2979 est
583 2929 757 2994 reponendum
772 2928 835 2989 luit,
863 2928 1000 2992 quoderat
1017 2934 1076 2978 aute

58 2998 205 3051 sictonam
221 2999 360 3065 vulgatum.
396 2998 490 3049 Contra
502 2996 567 3048 Diui.
580 2998 625 3058 VI,
638 2997 680 3057 23,
693 2999 720 3050 5.
738 2997 851 3049 Pinciani
861 3005 971 3049 veterem
983 2996 1076 3046 librum

59 3075 163 3119 secutus
176 3068 337 3119 scribendum
351 3067 475 3118 iudicavi:
492 3067 540 3117 lta
555 3073 617 3117 est:
636 3067 795 3117 iudicium
813 3073 862 3117 est
880 3066 1076 3116 inminentis

60 3136 156 3188 exitii
174 3137 363 3195 maturitas:
383 3152 429 3187 nec
441 3136 528 3187 dubito
540 3137 601 3198 quin
615 3145 682 3185 recte
695 3136 806 3186 eandem¹
815 3135 949 3186 formulam
959 3135 1076 3184 restitue·

58 3206 107 3256 rim
124 3203 180 3257 Nat
197 3205 309 3266 Quaestt.
322 3206 348 3266 1,
366 3207 397 3271 5,
415 3206 459 3256 11.

128 3273 257 3327 Utinam
279 3275 407 3339 quidem
429 3274 562 3340 particulis
585 3274 672 3324 addito
696 3270 856 3325 coniunctim
873 3272 915 3323 vel
931 3270 1076 3337 imperfecti

59 3341 102 3393 uel
124 3341 365 3409 plusquamperleoti
386 3344 507 3408 temporis
524 3343 560 3392 ita
576 3344 614 3392 uti
633 3341 698 3393 solet
716 3341 826 3408 Seneca,
849 3350 879 3391 ut
898 3341 964 3397 dicat
982 3341 1077 3391 frustra

60 3410 157 3476 aliquid
174 3413 268 3479 optari,
279 3443 284 3450 ·
294 3413 362 3475 quod
379 3413 402 3462 si
419 3421 501 3477 osset,
524 3413 675 3462 conveniens
691 3412 746 3462 iore
764 3411 890 3476 significat
907 3411 962 3460 eius
979 3411 1017 3460 rei
1034 3422 1076 3458 ra·

60 3481 138 3540 tioni,
156 3482 188 3531 de
205 3497 255 3544 qua
270 3482 339 3547 agit3
361 3481 439 3532 veluti
456 3481 535 3546 Epist.
547 3479 594 3539 19,
612 3483 639 3530 4.
658 3479 706 3539 89,
726 3482 751 3530 1.
771 3480 803 3531 de
820 3478 916 3532 Beuefl.
925 3480 968 3539 111,
986 3478 1029 3540 15,
1049 3477 1074 3526 1.

61 3555 93 3600 de
109 3548 189 3601 Clam.
201 3552 225 3618 l,
245 3549 285 3610 19,
303 3552 329 3600 4.
346 3549 410 3600 Dial.
421 3551 492 3615 Vlll,
511 3548 541 3610 3,
558 3551 582 3603 l.
601 3549 660 3612 XII,
680 3550 723 3618 17,
740 3551 768 3600 4.
791 3549 878 3609 Quare
890 3548 989 3613 iugens
1000 3545 1091 3594 nama-
