2438 3968
111 239 163 301 AD
170 239 349 302 tttttvlnnt
360 239 991 304 MATREMDECONSOLATIONE.lt.12.
1013 240 1076 304 251

109 394 228 453 niamus
243 393 281 451 ad
296 392 479 467 locupletes:
502 408 592 467 quam
607 394 700 452 multa
714 401 784 453 sunt
797 400 950 468 tempora,
966 394 1077 469 quibus

110 474 298 552 pauperibus
310 476 423 536 similes
436 476 517 536 sinti
534 476 729 536 circumcisae
741 485 812 537 sunt
823 477 1078 551 peregrinantium

109 559 250 620 sarcinae
265 566 294 619 et
308 558 447 635 quotiens
463 558 683 619 festinationem
699 561 868 620 necessitas
879 559 994 622 itineris
1006 577 1077 622 exe·

109 644 166 718 git,
188 643 329 703 comitum
347 642 435 702 turba
449 641 612 703 dimittitur.
644 642 805 704 militantes
821 650 942 719 quotam
960 651 1077 720 partem

108 743 210 788 rerum
230 741 354 786 suarum
379 741 482 786 secum
507 725 633 800 habent,
662 742 730 787 cum
756 742 875 786 omnem
898 727 1076 802 adparatum

111 809 279 870 castrensis
300 809 462 884 disciplina
484 809 688 870 submoveatt
720 809 783 870 Nec
803 816 916 870 tantum
937 809 1105 872 condiciot

109 893 179 953 illos
193 900 363 967 temporum
378 899 430 952 aut
444 893 579 953 locorum
593 893 697 969 inopia
710 893 897 969 pauperibus
912 901 1076 969 exaequata

110 984 233 1037 sumunt
248 976 398 1050 quosdam
413 977 494 1050 dies,
517 992 585 1036 cum
605 978 664 1036 iam
679 977 748 1037 illos
763 975 933 1038 divitiarum
946 978 1077 1038 medium

111 1059 206 1135 cepit,
231 1060 340 1135 quibus
360 1059 443 1119 humi
464 1068 592 1120 coenent
612 1069 642 1121 ct
660 1069 776 1122 remoto
798 1077 872 1120 auro
891 1067 1078 1135 argentoque
1186 1138 1189 1143 1

109 1142 252 1205 fictilibus
274 1151 404 1203 utantur.
437 1145 607 1204 dementes!
638 1144 698 1204 hoc
719 1144 803 1220 quod
824 1143 987 1219 aliquando
1004 1161 1076 1205 con·

109 1229 286 1302 cupiscunt,
302 1242 423 1303 semper
433 1228 544 1288 timent.
571 1227 594 1287 0
607 1235 719 1302 quanta
730 1228 799 1288 illos
813 1227 910 1302 caligo
923 1229 1075 1301 mentium,

110 1319 223 1387 quanta
234 1311 403 1386 ignorantia
413 1311 547 1372 veritatis
559 1320 690 1385 exercet,
706 1328 798 1386 quarn
808 1310 972 1386 voluptatis
982 1327 1077 1371 causa

108 1395 275 1455 imitantur!
310 1394 360 1454 lille
382 1394 503 1470 quidem
525 1395 665 1470 quotiens
680 1395 719 1454 ad
736 1394 860 1470 antiqua
874 1395 1015 1470 exempla
1028 1404 1106 1458 re·4

108 1480 213 1553 spexi,
235 1477 422 1553 paupertatis
436 1478 478 1538 uti
494 1479 610 1540 solatiis
623 1478 731 1553 pudet,
748 1478 891 1553 quoniam
904 1477 1026 1554 quidem
1038 1493 1075 1534 eo

107 1570 278 1636 temporum
298 1562 417 1622 luxuria
438 1562 583 1637 prolapsa
604 1569 666 1636 est,
686 1569 720 1621 ut
733 1562 831 1622 maius
847 1561 986 1623 viaticum
1002 1577 1075 1622 exu-

107 1648 169 1705 lum
190 1646 243 1719 sit,
267 1663 357 1721 quam
378 1646 448 1704 olim
469 1646 681 1719 patrimonium
696 1645 865 1721 principum
881 1646 945 1706 fuit.
975 1645 1075 1706 Unum

109 1728 207 1789 luisse
228 1730 361 1790 Homero
381 1744 518 1801 servum,
540 1737 602 1789 tres
621 1729 753 1803 Platoni,
777 1730 889 1789 nullum
904 1729 1034 1801 Zenoni,
1057 1745 1076 1788 a

108 1829 170 1886 quo
192 1812 294 1888 coepit
315 1811 486 1873 Stoicorum
511 1812 608 1888 rigida
633 1829 669 1873 ac
689 1813 783 1873 virilis
805 1812 985 1891 sapientia,
1000 1810 1075 1872 satis

109 1903 237 1957 constat.
272 1913 342 1956 num
363 1913 436 1972 ergo
458 1895 620 1970 quisquam
639 1912 694 1956 eos
715 1897 826 1957 misere
846 1896 964 1956 vixisse
985 1895 1074 1968 dicet,

106 1987 140 2040 ut
154 1997 214 2041 non
230 1982 297 2056 ipse
311 1979 497 2041 miserrimus
513 1980 552 2041 ob
568 1981 627 2041 hoc
642 1980 781 2041 omnibus
792 1981 953 2041 videatur?
973 1979 1103 2045 Mene-d

106 2065 175 2124 nius
195 2065 347 2141 Agrippa,
371 2063 423 2140 qui
444 2065 520 2125 inter
543 2071 644 2139 patres
665 2079 702 2124 ac
716 2063 836 2140 plebem
852 2062 993 2139 publicae
1007 2079 1074 2137 gra·

107 2148 166 2207 tiae
189 2157 350 2223 sequester
370 2149 438 2220 luit,
466 2163 537 2208 aere
558 2149 668 2209 collato
689 2149 845 2209 funeratus
866 2155 921 2209 est.
954 2144 1074 2206 Attilius

105 2232 257 2306 Regulus,
282 2249 349 2292 cum
369 2231 490 2293 Poenos
516 2233 544 2291 in
566 2233 670 2292 Africa
690 2232 843 2304 funderet,
870 2229 910 2289 ad
935 2234 1074 2289 senatum

107 2314 230 2388 scripsit
245 2315 464 2376 mercenarium
479 2332 567 2376 snum
583 2314 769 2375 discessisse
780 2325 810 2375 et
820 2312 858 2373 ab
871 2328 908 2373 eo
920 2314 1074 2373 desertum

107 2412 179 2456 esse
200 2414 267 2471 rus,
291 2399 373 2474 quod
390 2398 509 2460 senatui
526 2399 646 2472 publice
660 2396 772 2471 curari,
792 2398 863 2457 dum
878 2397 1003 2457 abesset
1014 2395 1074 2455 Re-

106 2481 211 2554 gulus,
236 2482 361 2556 placuit:
385 2481 477 2543 luitne
491 2481 565 2542 tanti
580 2496 702 2540 sertum
717 2497 776 2541 non
792 2480 920 2554 habere,
942 2485 977 2539 ut
991 2480 1073 2538 colo-

106 2579 165 2623 nus
191 2563 256 2624 eius
281 2567 413 2640 populus
438 2566 595 2626 Romanus
622 2569 725 2624 csseti
759 2563 912 2639 Scipionis
937 2563 1017 2622 tiliae
1035 2574 1104 2629 exa

106 2645 224 2707 aerario
237 2648 337 2708 dotem
350 2656 548 2723 acceperunt,
564 2645 636 2723 quia
645 2646 717 2706 nihil
731 2647 790 2707 illis
802 2645 966 2721 reliquerat
979 2653 1073 2720 pater.

107 2746 238 2804 aequum
265 2731 454 2791 mehercules
480 2740 545 2792 erat
571 2732 718 2806 populum
742 2732 910 2791 Romanum
933 2729 1074 2790 tributum

108 2812 244 2888 Scipioni
265 2817 360 2875 semel
382 2817 535 2889 conterre,
558 2830 625 2874 cum
646 2813 860 2889 adarthagine
875 2827 997 2887 semper
1011 2811 1075 2871 exi>-

107 2905 200 2972 geret.
236 2896 259 2958 0
275 2899 380 2958 t‘elices
394 2899 478 2960 viros
489 2898 672 2975 puellarum,
695 2898 806 2973 quibus
817 2897 952 2973 populus
963 2896 1074 2956 Roma-

107 2997 165 3041 nus
187 2982 255 3042 loco
277 2981 378 3042 soceri
398 2981 467 3043 tuit!
498 2981 691 3043 beatioresne
716 2982 792 3042 istos
811 2988 915 3056 putas,
945 2993 1073 3054 quorum

107 3066 311 3140 pantomimae
331 3063 434 3126 decies
456 3067 596 3128 sestertio
618 3065 749 3139 nubunt,
776 3081 866 3139 quam
887 3061 1073 3137 Scipionem,

107 3148 194 3209 cuius
209 3148 328 3210 libaria
344 3157 467 3223 senatu,
488 3157 587 3211 tutore
601 3165 674 3223 suo,
692 3149 722 3208 in
740 3149 842 3208 dotem
853 3163 907 3207 aes
918 3161 1012 3221 grave
1024 3159 1073 3203 ac-

107 3240 272 3307 ceperunta
306 3232 493 3308 Dedignatur
518 3233 628 3309 aliquis
653 3237 877 3308 paupertatem,
907 3229 992 3289 cuius
1014 3234 1103 3302 tama

107 3316 206 3375 clarae
221 3318 365 3392 imagines
381 3324 471 3378 sunt?
491 3317 663 3392 indignatur
673 3317 743 3376 exul
754 3313 870 3390 aliquid
881 3313 940 3373 sibi
953 3313 1073 3383 deesse,

106 3414 175 3458 cum
191 3401 319 3461 deluerit
335 3399 470 3476 Scipioni
483 3401 556 3474 dos,
570 3402 687 3474 Regulo
699 3398 919 3472 mercenarius,
932 3394 1072 3456 Menenio

106 3483 214 3557 sunus,
243 3500 309 3544 cum
332 3485 472 3546 omnibus
495 3483 554 3544 illis
576 3484 659 3558 quod
681 3484 799 3555 deerat,
822 3481 892 3542 ideo
914 3479 1074 3541 honestius
