2438 3968
118 237 168 296 AD
176 235 355 296 HELVIAM
364 235 530 296 ΜΑΤΒΕΜ
537 235 589 296 ΒΕ
596 234 895 297 consolatione.
909 247 951 299 10.
961 247 1000 299 ll.
1021 237 1085 300 249

113 403 209 448 nosse
224 402 337 462 operae
355 386 482 461 pretium
497 393 553 447 est.
588 387 660 446 Cum
675 386 846 446 sestertium
862 387 970 448 millies
985 388 1014 447 in
1030 403 1080 449 cu·
1096 402 1114 457 9

113 473 204 531 linem
222 470 418 545 coniecisset,
434 485 502 530 cum
517 477 562 530 tot
575 468 728 544 congiaria
743 469 913 545 principum
929 478 959 531 et
973 472 1081 546 ingens

113 553 252 630 Capitolii
273 554 402 628 vectigal
424 553 551 628 singulis
572 553 839 614 comissationibus
863 554 1080 630 exsorpsisset,

111 653 184 698 aere
199 636 298 698 alieno
314 653 485 713 oppressus
499 635 633 697 rationes
648 653 721 696 suas
733 643 804 698 tune
816 637 944 712 primum
956 646 1081 700 coactus

110 721 261 795 inspexit:
284 721 511 796 superfuturum
525 719 584 780 sibi
596 721 770 781 sestertium
781 721 894 781 centies
907 723 1082 796 conputavlt

111 813 141 865 et
163 805 295 865 velutin
315 805 420 864 ultimo
441 805 519 862 lame
540 805 690 876 victurus,
719 803 745 863 si
767 804 796 863 in
811 804 951 866 sestertio
967 806 1081 866 centies

111 887 256 960 vixisset,
278 903 398 948 veneno
419 888 512 947 vitam
526 887 631 948 linivit.
667 888 783 962 Quanta
796 887 917 949 luxuria
931 896 1010 959 erat,
1034 890 1121 949 ouilo

111 973 226 1032 centies
249 972 422 1031 sestertium
442 977 563 1045 egestas
578 972 653 1032 luitt
680 972 829 1032 inuncet
844 980 918 1048 puta
931 971 1081 1048 pecuniae

111 1056 234 1116 modurn
249 1055 289 1115 ad
304 1072 368 1115 rem
384 1054 549 1130 pertinere,
571 1071 631 1115 non
649 1055 748 1114 animi.
772 1055 950 1117 Sestertium
966 1055 1080 1117 centies

111 1139 221 1214 uliquis
243 1139 380 1200 extimuit
396 1145 439 1212 et,
463 1138 546 1213 quod
560 1139 609 1198 alii
624 1146 695 1200 voto
711 1146 829 1215 petunt,
851 1154 969 1199 veneno
985 1138 1081 1214 lugitt

111 1223 152 1281 illi
173 1237 247 1281 vero
268 1229 327 1282 tam
345 1237 459 1297 pravae
472 1223 581 1282 mentis
597 1222 710 1282 homini
725 1223 830 1283 ultima
844 1224 927 1298 potio
944 1223 1079 1284 saluber·

109 1306 187 1365 rima
200 1306 268 1366 luit=
292 1315 361 1366 tune
377 1321 494 1366 venena
505 1305 616 1367 edebat
630 1306 827 1382 bibebatque,
850 1322 918 1366 eum
933 1306 1079 1366 inmensis

109 1390 210 1465 epulis
225 1405 285 1449 non
302 1390 502 1450 delectaretur
517 1396 644 1462 tantum,
668 1390 724 1450 sed
739 1391 931 1465 gloriaretur,
954 1406 1023 1450 cum
1035 1390 1079 1449 vi·

109 1472 151 1533 tia
173 1488 231 1533 sua
245 1480 426 1547 ostentaret,
449 1489 516 1532 oum
532 1474 681 1533 civitatem
695 1474 725 1533 in
739 1473 889 1534 luxuriam
904 1490 991 1533 suam
1006 1489 1078 1534 con-

109 1563 254 1630 verteret,
279 1572 346 1617 oum
368 1558 553 1618 iuventutem
568 1557 607 1617 ad
621 1556 817 1618 imitationem
833 1559 881 1618 sui
896 1558 1079 1631 sollicitaret,
1132 1622 1142 1641 ἱ

109 1640 200 1699 etiam
215 1640 282 1699 sine
296 1641 383 1701 malis
398 1641 546 1715 exemplis
563 1657 618 1715 per
632 1657 666 1701 se
678 1641 817 1701 docilem.
840 1643 923 1702 Haec
938 1640 1117 1702 accidunttl

109 1722 230 1783 divitias
252 1740 312 1786 non
334 1725 373 1784 ad
393 1724 540 1784 rationem
558 1723 787 1800 revocantibus,
811 1726 897 1787 cuius
913 1727 986 1787 certi
1001 1725 1078 1785 fines

108 1815 194 1880 sunt,
217 1809 273 1868 sed
294 1811 333 1868 ad
358 1807 497 1870 vitiosam
518 1807 785 1881 consuetudinem,
807 1810 893 1870 cuius
907 1809 1078 1870 inmensum

108 1897 138 1950 et
162 1891 460 1967 inconprehensibile
486 1890 640 1952 arbitrium
665 1901 720 1954 est.
757 1892 917 1968 Cupiditati
938 1893 1011 1953 nibil
1031 1900 1079 1953 est

109 1974 199 2048 satis,
223 1983 347 2036 naturae
368 1976 442 2036 satis
462 1982 510 2035 est
522 1974 612 2036 etiarn
629 1991 745 2052 parum.
780 1977 899 2038 Nullum
914 1993 986 2053 ergo
1003 1994 1077 2053 pau-

110 2065 212 2133 pertas
226 2060 325 2120 exulis
336 2059 561 2119 incommodum
571 2059 677 2121 habet:
698 2061 811 2122 nullum
824 2062 902 2121 enim
914 2068 974 2122 tam
987 2062 1077 2136 inops

109 2142 231 2203 exilium
245 2148 307 2217 est,
325 2144 407 2219 quod
423 2159 485 2202 non
500 2143 609 2206 alendo
621 2143 735 2206 homini
746 2145 867 2205 abunde
880 2146 976 2206 lertile
988 2143 1034 2204 sit.

170 2227 220 2286 Xl.
241 2231 296 2287 An
316 2234 463 2288 vestem
481 2243 524 2287 ac
539 2228 686 2288 domum
701 2228 1003 2289 desideraturus
1020 2234 1105 2289 esti

107 2310 219 2368 exult
251 2314 300 2383 [st]
326 2311 402 2371 haec
429 2327 553 2386 quoque
576 2314 616 2371 ad
636 2327 727 2372 usum
748 2320 859 2373 tanturn
882 2310 1077 2383 desiderabit,

107 2407 209 2465 neque
229 2400 340 2455 tectum
360 2395 388 2453 ei
410 2396 507 2455 deerit
523 2410 623 2470 neque
645 2397 855 2456 velamentum.
881 2409 980 2469 aeque
997 2395 1076 2454 enim

108 2475 219 2549 exiguo
244 2479 353 2551 tegitur
378 2495 492 2553 corpus
518 2495 608 2552 quam
634 2479 731 2538 alitur.
776 2479 848 2538 nihil
877 2477 991 2539 homini
1025 2494 1076 2537 na-

107 2566 189 2632 tura,
219 2560 302 2633 quod
321 2563 530 2622 necessarium
544 2561 689 2632 iaciebat,
713 2560 784 2623 lecit
799 2578 975 2636 operosum.
1014 2559 1105 2622 Sedi

107 2642 263 2702 desiderat
284 2644 414 2704 saturari
439 2647 532 2707 multo
556 2645 717 2723 conchylio
740 2662 904 2720 purpuram
931 2644 1076 2704 intextam

106 2742 181 2786 auro
196 2727 349 2802 variisque
361 2734 390 2787 et
401 2728 556 2790 coloribus
568 2729 738 2790 distinctam
751 2737 780 2788 et
791 2729 921 2790 artibus=
940 2745 1000 2789 non
1017 2730 1077 2789 lor-

106 2818 197 2871 tunae
212 2811 268 2870 iste
285 2811 373 2885 vitio,
396 2812 452 2871 sed
467 2829 524 2875 suo
538 2828 657 2888 pauper
668 2819 723 2872 est.
748 2813 865 2872 etiamsi
876 2812 917 2871 illi
930 2811 1077 2888 quiequid

106 2895 221 2966 amisit,
236 2893 420 2969 restitueris,
436 2896 508 2955 nibil
525 2912 608 2970 ages.
631 2898 701 2974 plus
712 2894 793 2955 enim
803 2895 992 2957 restituendo
1005 2896 1076 2956 dee·

105 2978 144 3037 rit
163 2994 202 3037 ex
222 2994 274 3049 eo,
299 2979 383 3053 quod
404 2980 501 3054 cupit,
526 2994 617 3057 quarn
638 2979 720 3040 exuli
735 2987 773 3039 e'x
789 2995 842 3051 eo,
863 2980 948 3054 quod
962 2977 1075 3038 babuit.

108 3059 170 3121 Sed
187 3063 341 3123 desiderat
355 3063 456 3122 aureis
472 3065 634 3138 fulgentem
645 3064 728 3123 vasis
744 3061 964 3138 supellectilem
979 3068 1009 3120 et
1024 3074 1103 3126 ana

104 3146 198 3220 liquis
220 3146 393 3207 nominibus
416 3147 564 3208 artificum
584 3154 739 3221 argentum
755 3147 870 3219 nobile,
892 3162 946 3206 aes
962 3161 1073 3221 pauco·

104 3243 171 3288 rum
184 3229 301 3290 insania
312 3231 479 3306 pretiosum
492 3238 522 3290 et
533 3247 691 3290 servorum
703 3230 829 3302 turbam,
847 3246 926 3304 quae
935 3229 1075 3304 quamvis

105 3327 245 3387 magnam
266 3315 389 3375 domum
411 3321 565 3389 angustet,
587 3315 786 3375 iumentorum
808 3329 940 3388 corpora
956 3312 1076 3373 differta

105 3403 134 3454 et
156 3405 262 3457 coacta
283 3398 484 3474 pinguescere
498 3406 528 3458 et
543 3396 697 3458 nationum
713 3397 845 3459 omnium
859 3398 994 3472 lapides:
1016 3398 1076 3459 iste

105 3488 309 3554 congerantur
323 3483 406 3555 licet,
423 3498 586 3557 numquam
602 3481 766 3557 explebunt
780 3479 995 3558 inexplebilem
1012 3481 1073 3542 ani·
