<?xml version="1.0" encoding="UTF-8"?>
<!DOCTYPE html PUBLIC "-//W3C//DTD XHTML 1.0 Transitional//EN"
    "http://www.w3.org/TR/xhtml1/DTD/xhtml1-transitional.dtd">
<html xmlns="http://www.w3.org/1999/xhtml" xml:lang="en" lang="en">
 <head>
  <title>
</title>
<meta http-equiv="Content-Type" content="text/html;charset=utf-8" />
  <meta name='ocr-system' content='tesseract 3.04.00' />
  <meta name='ocr-capabilities' content='ocr_page ocr_carea ocr_par ocr_line ocrx_word'/>
</head>
<body>
  <div class='ocr_page' id='page_1' title='image "./lannaeisenecaeo05senegoog_0073.png"; bbox 0 0 2438 3968; ppageno 0'>
   <div class='ocr_carea' id='block_1_1' title="bbox 136 245 823 310">
    <p class='ocr_par' dir='ltr' id='par_1_1' title="bbox 136 245 823 310">
     <span class='ocr_line' id='line_1_1' title="bbox 136 245 823 310; baseline -0.009 0"><span class='ocrx_word' id='word_1_1' title='bbox 136 247 179 310; x_wconf 80' lang='lat'><strong>58</strong></span> <span class='ocrx_word' id='word_1_2' title='bbox 426 247 624 307; x_wconf 74' lang='grc'><strong>1111111111</strong></span> <span class='ocrx_word' id='word_1_3' title='bbox 649 245 823 307; x_wconf 70' lang='lat' dir='ltr'><strong>saltuosa</strong></span> 
     </span>
    </p>
   </div>
   <div class='ocr_carea' id='block_1_2' title="bbox 103 397 1125 3573">
    <p class='ocr_par' dir='ltr' id='par_1_2' title="bbox 135 397 1125 894">
     <span class='ocr_line' id='line_1_2' title="bbox 136 397 1121 476; baseline 0.003 -16"><span class='ocrx_word' id='word_1_4' title='bbox 136 404 205 463; x_wconf 84' lang='lat' dir='ltr'><strong>lues</strong></span> <span class='ocrx_word' id='word_1_5' title='bbox 219 401 416 476; x_wconf 68' lang='lat' dir='ltr'><strong>properantia</strong></span> <span class='ocrx_word' id='word_1_6' title='bbox 430 415 523 475; x_wconf 85' lang='lat' dir='ltr'><strong>quam</strong></span> <span class='ocrx_word' id='word_1_7' title='bbox 536 407 640 474; x_wconf 86' lang='lat' dir='ltr'><strong>turpes</strong></span> <span class='ocrx_word' id='word_1_8' title='bbox 655 399 740 472; x_wconf 88' lang='lat' dir='ltr'><strong>lites,</strong></span> <span class='ocrx_word' id='word_1_9' title='bbox 763 406 877 473; x_wconf 87' lang='lat' dir='ltr'><strong>quanto</strong></span> <span class='ocrx_word' id='word_1_10' title='bbox 890 397 1053 476; x_wconf 70' lang='lat' dir='ltr'><strong>turpiores,</strong></span> <span class='ocrx_word' id='word_1_11' title='bbox 1068 403 1121 465; x_wconf 81' lang='lat' dir='ltr'><strong>ad</strong></span> 
     </span>
     <span class='ocr_line' id='line_1_3' title="bbox 135 482 1123 558; baseline 0.007 -16"><span class='ocrx_word' id='word_1_12' title='bbox 135 492 265 546; x_wconf 74' lang='lat' dir='ltr'><strong>vocatos</strong></span> <span class='ocrx_word' id='word_1_13' title='bbox 281 484 506 546; x_wconf 70' lang='lat' dir='ltr'><strong>habentinam</strong></span> <span class='ocrx_word' id='word_1_14' title='bbox 520 482 634 546; x_wconf 83' lang='lat' dir='ltr'><strong>iudicia</strong></span> <span class='ocrx_word' id='word_1_15' title='bbox 649 483 743 558; x_wconf 81' lang='lat' dir='ltr'><strong>patris</strong></span> <span class='ocrx_word' id='word_1_16' title='bbox 757 490 898 557; x_wconf 83' lang='lat' dir='ltr'><strong>accusat,</strong></span> <span class='ocrx_word' id='word_1_17' title='bbox 910 499 995 558; x_wconf 83' lang='lat' dir='ltr'><strong>quae</strong></span> <span class='ocrx_word' id='word_1_18' title='bbox 1008 483 1123 549; x_wconf 72' lang='lat' dir='ltr'><strong>meren</strong></span> 
     </span>
     <span class='ocr_line' id='line_1_4' title="bbox 138 566 1125 632; baseline 0.003 -3"><span class='ocrx_word' id='word_1_19' title='bbox 138 567 236 629; x_wconf 85' lang='lat' dir='ltr'><strong>satius</strong></span> <span class='ocrx_word' id='word_1_20' title='bbox 250 568 314 629; x_wconf 84' lang='lat' dir='ltr'><strong>fuit</strong></span> <span class='ocrx_word' id='word_1_21' title='bbox 340 569 417 629; x_wconf 82' lang='lat' dir='ltr'><strong>clius</strong></span> <span class='ocrx_word' id='word_1_22' title='bbox 433 583 504 628; x_wconf 83' lang='lat' dir='ltr'><strong>cum</strong></span> <span class='ocrx_word' id='word_1_23' title='bbox 518 575 616 626; x_wconf 87' lang='lat' dir='ltr'><strong>matre</strong></span> <span class='ocrx_word' id='word_1_24' title='bbox 628 566 778 627; x_wconf 80' lang='lat' dir='ltr'><strong>consistit.</strong></span> <span class='ocrx_word' id='word_1_25' title='bbox 806 567 886 628; x_wconf 82' lang='lat' dir='ltr'><strong>alius</strong></span> <span class='ocrx_word' id='word_1_26' title='bbox 900 567 1024 631; x_wconf 75' lang='lat' dir='ltr'><strong>beatos</strong></span> <span class='ocrx_word' id='word_1_27' title='bbox 1039 568 1125 632; x_wconf 74' lang='lat' dir='ltr'><strong>uenio</strong></span> 
     </span>
     <span class='ocr_line' id='line_1_5' title="bbox 136 649 1122 724; baseline 0.002 -11"><span class='ocrx_word' id='word_1_28' title='bbox 136 653 203 713; x_wconf 92' lang='lat' dir='ltr'><strong>eius</strong></span> <span class='ocrx_word' id='word_1_29' title='bbox 215 651 356 724; x_wconf 71' lang='lat' dir='ltr'><strong>criminis</strong></span> <span class='ocrx_word' id='word_1_30' title='bbox 373 649 459 711; x_wconf 92' lang='lat' dir='ltr'><strong>cuius</strong></span> <span class='ocrx_word' id='word_1_31' title='bbox 474 650 661 711; x_wconf 80' lang='lat' dir='ltr'><strong>manifestior</strong></span> <span class='ocrx_word' id='word_1_32' title='bbox 675 666 747 710; x_wconf 91' lang='lat' dir='ltr'><strong>reus</strong></span> <span class='ocrx_word' id='word_1_33' title='bbox 760 658 815 709; x_wconf 84' lang='lat' dir='ltr'><strong>est.</strong></span> <span class='ocrx_word' id='word_1_34' title='bbox 838 658 868 711; x_wconf 89' lang='lat' dir='ltr'><strong>et</strong></span> <span class='ocrx_word' id='word_1_35' title='bbox 882 650 976 710; x_wconf 86' lang='lat' dir='ltr'><strong>iudex</strong></span> <span class='ocrx_word' id='word_1_36' title='bbox 992 651 1122 715; x_wconf 80' lang='lat' dir='ltr'><strong>darona-</strong></span> 
     </span>
     <span class='ocr_line' id='line_1_6' title="bbox 136 733 1122 811; baseline 0.002 -16"><span class='ocrx_word' id='word_1_37' title='bbox 136 742 220 796; x_wconf 84' lang='lat' dir='ltr'><strong>turus</strong></span> <span class='ocrx_word' id='word_1_38' title='bbox 243 751 321 811; x_wconf 87' lang='lat' dir='ltr'><strong>quae</strong></span> <span class='ocrx_word' id='word_1_39' title='bbox 343 734 417 796; x_wconf 86' lang='lat' dir='ltr'><strong>fecit</strong></span> <span class='ocrx_word' id='word_1_40' title='bbox 435 733 554 808; x_wconf 83' lang='lat' dir='ltr'><strong>eligitur</strong></span> <span class='ocrx_word' id='word_1_41' title='bbox 573 742 604 793; x_wconf 86' lang='lat' dir='ltr'><strong>et</strong></span> <span class='ocrx_word' id='word_1_42' title='bbox 623 749 737 794; x_wconf 82' lang='lat' dir='ltr'><strong>corona</strong></span> <span class='ocrx_word' id='word_1_43' title='bbox 751 749 809 808; x_wconf 86' lang='lat' dir='ltr'><strong>pro</strong></span> <span class='ocrx_word' id='word_1_44' title='bbox 823 736 903 794; x_wconf 86' lang='lat' dir='ltr'><strong>mala</strong></span> <span class='ocrx_word' id='word_1_45' title='bbox 922 749 1022 795; x_wconf 84' lang='lat' dir='ltr'><strong>eausa</strong></span> <span class='ocrx_word' id='word_1_46' title='bbox 1037 736 1122 798; x_wconf 87' lang='lat' dir='ltr'><strong>bona</strong></span> 
     </span>
     <span class='ocr_line' id='line_1_7' title="bbox 138 820 519 894; baseline -0.01 -14"><span class='ocrx_word' id='word_1_47' title='bbox 138 820 257 894; x_wconf 76' lang='lat' dir='ltr'><strong>paboni</strong></span> <span class='ocrx_word' id='word_1_48' title='bbox 272 834 349 879; x_wconf 86' lang='lat' dir='ltr'><strong>voce</strong></span> <span class='ocrx_word' id='word_1_49' title='bbox 364 825 519 892; x_wconf 69' lang='lat' dir='ltr'><strong>eomupta</strong></span> 
     </span>
    </p>

    <p class='ocr_par' dir='ltr' id='par_1_3' title="bbox 109 900 1123 1228">
     <span class='ocr_line' id='line_1_8' title="bbox 109 900 1123 976; baseline 0.006 -15"><span class='ocrx_word' id='word_1_50' title='bbox 109 905 123 954; x_wconf 92' lang='lat' dir='ltr'><strong>l</strong></span> <span class='ocrx_word' id='word_1_51' title='bbox 203 904 282 962; x_wconf 82' lang='grc'><strong>11111</strong></span> <span class='ocrx_word' id='word_1_52' title='bbox 313 900 389 975; x_wconf 80' lang='lat' dir='ltr'><strong>Quid</strong></span> <span class='ocrx_word' id='word_1_53' title='bbox 416 900 536 976; x_wconf 83' lang='lat' dir='ltr'><strong>singulo</strong></span> <span class='ocrx_word' id='word_1_54' title='bbox 561 907 756 976; x_wconf 77' lang='lat' dir='ltr'><strong>persequort</strong></span> <span class='ocrx_word' id='word_1_55' title='bbox 780 916 852 961; x_wconf 84' lang='lat' dir='ltr'><strong>oum</strong></span> <span class='ocrx_word' id='word_1_56' title='bbox 873 901 992 971; x_wconf 82' lang='lat' dir='ltr'><strong>videris</strong></span> <span class='ocrx_word' id='word_1_57' title='bbox 1018 903 1123 967; x_wconf 77' lang='lat' dir='ltr'><strong>lorum</strong></span> 
     </span>
     <span class='ocr_line' id='line_1_9' title="bbox 137 984 1120 1061; baseline 0.003 -15"><span class='ocrx_word' id='word_1_58' title='bbox 137 988 324 1048; x_wconf 88' lang='lat' dir='ltr'><strong>rnultitudine</strong></span> <span class='ocrx_word' id='word_1_59' title='bbox 339 985 483 1046; x_wconf 82' lang='lat' dir='ltr'><strong>relectum</strong></span> <span class='ocrx_word' id='word_1_60' title='bbox 497 993 527 1046; x_wconf 90' lang='lat' dir='ltr'><strong>et</strong></span> <span class='ocrx_word' id='word_1_61' title='bbox 542 992 629 1059; x_wconf 87' lang='lat' dir='ltr'><strong>septa</strong></span> <span class='ocrx_word' id='word_1_62' title='bbox 644 1000 796 1045; x_wconf 85' lang='lat' dir='ltr'><strong>concursu</strong></span> <span class='ocrx_word' id='word_1_63' title='bbox 811 984 909 1046; x_wconf 81' lang='lat' dir='ltr'><strong>monis</strong></span> <span class='ocrx_word' id='word_1_64' title='bbox 924 985 1120 1061; x_wconf 71' lang='grc'><strong>1111111111</strong></span> 
     </span>
     <span class='ocr_line' id='line_1_10' title="bbox 136 1067 1121 1148; baseline 0.004 -19"><span class='ocrx_word' id='word_1_65' title='bbox 136 1073 225 1145; x_wconf 77' lang='lat' dir='ltr'><strong>plum</strong></span> <span class='ocrx_word' id='word_1_66' title='bbox 246 1077 276 1129; x_wconf 91' lang='lat' dir='ltr'><strong>et</strong></span> <span class='ocrx_word' id='word_1_67' title='bbox 295 1071 378 1130; x_wconf 89' lang='lat' dir='ltr'><strong>illum</strong></span> <span class='ocrx_word' id='word_1_68' title='bbox 398 1069 528 1141; x_wconf 85' lang='lat' dir='ltr'><strong>circum,</strong></span> <span class='ocrx_word' id='word_1_69' title='bbox 548 1070 578 1127; x_wconf 89' lang='lat' dir='ltr'><strong>in</strong></span> <span class='ocrx_word' id='word_1_70' title='bbox 601 1085 664 1143; x_wconf 92' lang='lat' dir='ltr'><strong>quo</strong></span> <span class='ocrx_word' id='word_1_71' title='bbox 682 1067 847 1129; x_wconf 72' lang='lat' dir='ltr'><strong>maximam</strong></span> <span class='ocrx_word' id='word_1_72' title='bbox 863 1069 911 1133; x_wconf 89' lang='lat' dir='ltr'><strong>sui</strong></span> <span class='ocrx_word' id='word_1_73' title='bbox 926 1077 1048 1144; x_wconf 74' lang='lat' dir='ltr'><strong>putem</strong></span> <span class='ocrx_word' id='word_1_74' title='bbox 1064 1088 1121 1148; x_wconf 73' lang='lat' dir='ltr'><strong>po</strong></span> 
     </span>
     <span class='ocr_line' id='line_1_11' title="bbox 136 1151 1120 1228; baseline 0.002 -13"><span class='ocrx_word' id='word_1_75' title='bbox 136 1156 228 1228; x_wconf 83' lang='lat' dir='ltr'><strong>palus</strong></span> <span class='ocrx_word' id='word_1_76' title='bbox 242 1153 392 1214; x_wconf 81' lang='lat' dir='ltr'><strong>ostendit=</strong></span> <span class='ocrx_word' id='word_1_77' title='bbox 413 1152 472 1212; x_wconf 88' lang='lat' dir='ltr'><strong>boc</strong></span> <span class='ocrx_word' id='word_1_78' title='bbox 494 1153 581 1226; x_wconf 87' lang='lat' dir='ltr'><strong>seito,</strong></span> <span class='ocrx_word' id='word_1_79' title='bbox 602 1152 670 1213; x_wconf 88' lang='lat' dir='ltr'><strong>istie</strong></span> <span class='ocrx_word' id='word_1_80' title='bbox 684 1151 870 1213; x_wconf 76' lang='lat' dir='ltr'><strong>tantumdem</strong></span> <span class='ocrx_word' id='word_1_81' title='bbox 884 1168 956 1213; x_wconf 89' lang='lat' dir='ltr'><strong>esse</strong></span> <span class='ocrx_word' id='word_1_82' title='bbox 970 1153 1120 1217; x_wconf 77' lang='lat' dir='ltr'><strong>vitioman</strong></span> 
     </span>
    </p>

    <p class='ocr_par' dir='ltr' id='par_1_4' title="bbox 106 1235 1119 1816">
     <span class='ocr_line' id='line_1_12' title="bbox 106 1235 1119 1312; baseline 0.013 -22"><span class='ocrx_word' id='word_1_83' title='bbox 106 1238 281 1312; x_wconf 69' lang='lat' dir='ltr'><strong>aquantom</strong></span> <span class='ocrx_word' id='word_1_84' title='bbox 296 1236 456 1297; x_wconf 84' lang='lat' dir='ltr'><strong>bominum</strong></span> <span class='ocrx_word' id='word_1_85' title='bbox 485 1235 565 1296; x_wconf 90' lang='lat' dir='ltr'><strong>lnter</strong></span> <span class='ocrx_word' id='word_1_86' title='bbox 585 1236 661 1296; x_wconf 91' lang='lat' dir='ltr'><strong>istos</strong></span> <span class='ocrx_word' id='word_1_87' title='bbox 676 1252 756 1311; x_wconf 72' lang='lat' dir='ltr'><strong>quos</strong></span> <span class='ocrx_word' id='word_1_88' title='bbox 770 1241 892 1311; x_wconf 71' lang='lat' dir='ltr'><strong>togatos</strong></span> <span class='ocrx_word' id='word_1_89' title='bbox 907 1236 1014 1312; x_wconf 78' lang='lat' dir='ltr'><strong>uides,</strong></span> <span class='ocrx_word' id='word_1_90' title='bbox 1034 1241 1119 1303; x_wconf 75' lang='lat' dir='ltr'><strong>nubs</strong></span> 
     </span>
     <span class='ocr_line' id='line_1_13' title="bbox 134 1318 1116 1396; baseline 0.001 -15"><span class='ocrx_word' id='word_1_91' title='bbox 134 1339 198 1396; x_wconf 82' lang='lat' dir='ltr'><strong>pax</strong></span> <span class='ocrx_word' id='word_1_92' title='bbox 218 1328 280 1381; x_wconf 85' lang='lat' dir='ltr'><strong>est=</strong></span> <span class='ocrx_word' id='word_1_93' title='bbox 301 1322 376 1380; x_wconf 88' lang='lat' dir='ltr'><strong>alter</strong></span> <span class='ocrx_word' id='word_1_94' title='bbox 389 1321 422 1380; x_wconf 89' lang='lat' dir='ltr'><strong>in</strong></span> <span class='ocrx_word' id='word_1_95' title='bbox 435 1318 561 1381; x_wconf 77' lang='lat' dir='ltr'><strong>alterius</strong></span> <span class='ocrx_word' id='word_1_96' title='bbox 573 1319 695 1379; x_wconf 78' lang='lat' dir='ltr'><strong>exibam</strong></span> <span class='ocrx_word' id='word_1_97' title='bbox 716 1320 776 1380; x_wconf 86' lang='lat' dir='ltr'><strong>leui</strong></span> <span class='ocrx_word' id='word_1_98' title='bbox 794 1319 969 1394; x_wconf 75' lang='lat' dir='ltr'><strong>conpendio</strong></span> <span class='ocrx_word' id='word_1_99' title='bbox 983 1321 1116 1385; x_wconf 77' lang='lat' dir='ltr'><strong>ducitur.</strong></span> 
     </span>
     <span class='ocr_line' id='line_1_14' title="bbox 134 1404 1115 1478; baseline 0.002 -14"><span class='ocrx_word' id='word_1_100' title='bbox 134 1406 208 1465; x_wconf 91' lang='lat' dir='ltr'><strong>nulli</strong></span> <span class='ocrx_word' id='word_1_101' title='bbox 223 1405 283 1465; x_wconf 85' lang='lat' dir='ltr'><strong>nisi</strong></span> <span class='ocrx_word' id='word_1_102' title='bbox 296 1404 472 1466; x_wconf 81' lang='lat' dir='ltr'><strong>exoberius</strong></span> <span class='ocrx_word' id='word_1_103' title='bbox 486 1404 596 1464; x_wconf 90' lang='lat' dir='ltr'><strong>iniuria</strong></span> <span class='ocrx_word' id='word_1_104' title='bbox 607 1411 756 1478; x_wconf 83' lang='lat' dir='ltr'><strong>quaestus</strong></span> <span class='ocrx_word' id='word_1_105' title='bbox 764 1411 819 1463; x_wconf 90' lang='lat' dir='ltr'><strong>est.</strong></span> <span class='ocrx_word' id='word_1_106' title='bbox 842 1404 959 1465; x_wconf 83' lang='lat' dir='ltr'><strong>toltecm</strong></span> <span class='ocrx_word' id='word_1_107' title='bbox 973 1405 1115 1478; x_wconf 77' lang='lat' dir='ltr'><strong>oderunt</strong></span> 
     </span>
     <span class='ocr_line' id='line_1_15' title="bbox 133 1487 1116 1564; baseline 0.002 -15"><span class='ocrx_word' id='word_1_108' title='bbox 133 1489 285 1550; x_wconf 78' lang='lat' dir='ltr'><strong>infelicem</strong></span> <span class='ocrx_word' id='word_1_109' title='bbox 300 1497 506 1550; x_wconf 89' lang='lat' dir='ltr'><strong>contemnunt.</strong></span> <span class='ocrx_word' id='word_1_110' title='bbox 526 1488 672 1548; x_wconf 86' lang='lat' dir='ltr'><strong>maiorem</strong></span> <span class='ocrx_word' id='word_1_111' title='bbox 685 1495 865 1561; x_wconf 78' lang='lat' dir='ltr'><strong>gravantur,</strong></span> <span class='ocrx_word' id='word_1_112' title='bbox 878 1487 987 1549; x_wconf 85' lang='lat' dir='ltr'><strong>minori</strong></span> <span class='ocrx_word' id='word_1_113' title='bbox 1001 1504 1116 1564; x_wconf 69' lang='lat' dir='ltr'><strong>gravem</strong></span> 
     </span>
     <span class='ocr_line' id='line_1_16' title="bbox 134 1570 1115 1647; baseline 0.003 -13"><span class='ocrx_word' id='word_1_114' title='bbox 134 1581 215 1634; x_wconf 88' lang='lat' dir='ltr'><strong>sunt.</strong></span> <span class='ocrx_word' id='word_1_115' title='bbox 239 1572 369 1633; x_wconf 81' lang='lat' dir='ltr'><strong>diversis</strong></span> <span class='ocrx_word' id='word_1_116' title='bbox 382 1571 571 1634; x_wconf 77' lang='lat' dir='ltr'><strong>stimulantur</strong></span> <span class='ocrx_word' id='word_1_117' title='bbox 583 1570 808 1646; x_wconf 77' lang='lat' dir='ltr'><strong>cupiditatibus.</strong></span> <span class='ocrx_word' id='word_1_118' title='bbox 829 1571 929 1633; x_wconf 88' lang='lat' dir='ltr'><strong>omnia</strong></span> <span class='ocrx_word' id='word_1_119' title='bbox 940 1573 1065 1647; x_wconf 79' lang='lat' dir='ltr'><strong>perdita</strong></span> <span class='ocrx_word' id='word_1_120' title='bbox 1077 1575 1115 1637; x_wconf 86' lang='lat' dir='ltr'><strong>ob</strong></span> 
     </span>
     <span class='ocr_line' id='line_1_17' title="bbox 133 1653 1115 1731; baseline 0.004 -15"><span class='ocrx_word' id='word_1_121' title='bbox 133 1660 232 1716; x_wconf 79' lang='lat' dir='ltr'><strong>levero</strong></span> <span class='ocrx_word' id='word_1_122' title='bbox 247 1657 432 1730; x_wconf 79' lang='lat' dir='ltr'><strong>voluptatem</strong></span> <span class='ocrx_word' id='word_1_123' title='bbox 447 1656 655 1730; x_wconf 77' lang='lat' dir='ltr'><strong>praedamque</strong></span> <span class='ocrx_word' id='word_1_124' title='bbox 670 1655 805 1730; x_wconf 74' lang='lat' dir='ltr'><strong>cupiunt</strong></span> <span class='ocrx_word' id='word_1_125' title='bbox 825 1653 960 1717; x_wconf 86' lang='lat' dir='ltr'><strong>nonalia</strong></span> <span class='ocrx_word' id='word_1_126' title='bbox 975 1659 1115 1731; x_wconf 77' lang='grc'><strong>1111111</strong></span> 
     </span>
     <span class='ocr_line' id='line_1_18' title="bbox 134 1737 1114 1816; baseline 0.005 -19"><span class='ocrx_word' id='word_1_127' title='bbox 134 1741 206 1800; x_wconf 89' lang='lat' dir='ltr'><strong>tudo</strong></span> <span class='ocrx_word' id='word_1_128' title='bbox 228 1739 407 1814; x_wconf 75' lang='lat' dir='ltr'><strong>gladiatorio</strong></span> <span class='ocrx_word' id='word_1_129' title='bbox 428 1739 490 1800; x_wconf 86' lang='lat' dir='ltr'><strong>vita</strong></span> <span class='ocrx_word' id='word_1_130' title='bbox 510 1748 557 1800; x_wconf 88' lang='lat' dir='ltr'><strong>est</strong></span> <span class='ocrx_word' id='word_1_131' title='bbox 579 1755 648 1799; x_wconf 92' lang='lat' dir='ltr'><strong>cum</strong></span> <span class='ocrx_word' id='word_1_132' title='bbox 669 1739 767 1798; x_wconf 89' lang='lat' dir='ltr'><strong>isdem</strong></span> <span class='ocrx_word' id='word_1_133' title='bbox 787 1737 954 1798; x_wconf 85' lang='lat' dir='ltr'><strong>viventium</strong></span> <span class='ocrx_word' id='word_1_134' title='bbox 974 1757 1114 1816; x_wconf 73' lang='lat' dir='ltr'><strong>pugnan-</strong></span> 
     </span>
    </p>

    <p class='ocr_par' dir='ltr' id='par_1_5' title="bbox 104 1821 1115 2231">
     <span class='ocr_line' id='line_1_19' title="bbox 104 1821 1115 1897; baseline 0.005 -15"><span class='ocrx_word' id='word_1_135' title='bbox 104 1821 278 1897; x_wconf 81' lang='lat' dir='ltr'><strong>3tiumque.</strong></span> <span class='ocrx_word' id='word_1_136' title='bbox 299 1823 444 1883; x_wconf 79' lang='lat' dir='ltr'><strong>Ferarum</strong></span> <span class='ocrx_word' id='word_1_137' title='bbox 456 1823 514 1883; x_wconf 93' lang='lat' dir='ltr'><strong>iste</strong></span> <span class='ocrx_word' id='word_1_138' title='bbox 524 1831 692 1884; x_wconf 91' lang='lat' dir='ltr'><strong>conventus</strong></span> <span class='ocrx_word' id='word_1_139' title='bbox 708 1827 763 1895; x_wconf 84' lang='lat' dir='ltr'><strong>est,</strong></span> <span class='ocrx_word' id='word_1_140' title='bbox 779 1821 838 1882; x_wconf 90' lang='lat' dir='ltr'><strong>nisi</strong></span> <span class='ocrx_word' id='word_1_141' title='bbox 854 1822 935 1897; x_wconf 90' lang='lat' dir='ltr'><strong>quod</strong></span> <span class='ocrx_word' id='word_1_142' title='bbox 950 1823 1022 1885; x_wconf 84' lang='lat' dir='ltr'><strong>illae</strong></span> <span class='ocrx_word' id='word_1_143' title='bbox 1036 1823 1115 1887; x_wconf 85' lang='lat' dir='ltr'><strong>inter</strong></span> 
     </span>
     <span class='ocr_line' id='line_1_20' title="bbox 135 1905 1115 1987; baseline 0.004 -21"><span class='ocrx_word' id='word_1_144' title='bbox 135 1923 168 1966; x_wconf 90' lang='lat' dir='ltr'><strong>se</strong></span> <span class='ocrx_word' id='word_1_145' title='bbox 183 1907 322 1981; x_wconf 71' lang='grc'><strong>11111111</strong></span> <span class='ocrx_word' id='word_1_146' title='bbox 338 1917 409 1967; x_wconf 86' lang='lat' dir='ltr'><strong>sant</strong></span> <span class='ocrx_word' id='word_1_147' title='bbox 422 1922 589 1981; x_wconf 84' lang='lat' dir='ltr'><strong>morsuque</strong></span> <span class='ocrx_word' id='word_1_148' title='bbox 609 1906 753 1966; x_wconf 85' lang='lat' dir='ltr'><strong>similium</strong></span> <span class='ocrx_word' id='word_1_149' title='bbox 770 1905 935 1981; x_wconf 85' lang='lat' dir='ltr'><strong>abstinent,</strong></span> <span class='ocrx_word' id='word_1_150' title='bbox 955 1906 987 1966; x_wconf 92' lang='lat' dir='ltr'><strong>bi</strong></span> <span class='ocrx_word' id='word_1_151' title='bbox 1009 1917 1115 1987; x_wconf 79' lang='grc'><strong>111111</strong></span> 
     </span>
     <span class='ocr_line' id='line_1_21' title="bbox 134 1987 1115 2057; baseline 0.009 -9"><span class='ocrx_word' id='word_1_152' title='bbox 134 1990 317 2050; x_wconf 74' lang='lat' dir='ltr'><strong>laceratione</strong></span> <span class='ocrx_word' id='word_1_153' title='bbox 332 1987 488 2050; x_wconf 84' lang='lat' dir='ltr'><strong>satiantur.</strong></span> <span class='ocrx_word' id='word_1_154' title='bbox 509 1988 569 2050; x_wconf 92' lang='lat' dir='ltr'><strong>hoc</strong></span> <span class='ocrx_word' id='word_1_155' title='bbox 583 1998 683 2049; x_wconf 88' lang='lat' dir='ltr'><strong>autem</strong></span> <span class='ocrx_word' id='word_1_156' title='bbox 696 2006 757 2050; x_wconf 88' lang='lat' dir='ltr'><strong>nno</strong></span> <span class='ocrx_word' id='word_1_157' title='bbox 773 1990 812 2050; x_wconf 87' lang='lat' dir='ltr'><strong>ab</strong></span> <span class='ocrx_word' id='word_1_158' title='bbox 826 1989 1006 2052; x_wconf 79' lang='lat' dir='ltr'><strong>animalibus</strong></span> <span class='ocrx_word' id='word_1_159' title='bbox 1021 1993 1115 2057; x_wconf 78' lang='grc'><strong>111111</strong></span> 
     </span>
     <span class='ocr_line' id='line_1_22' title="bbox 135 2072 1113 2149; baseline 0.007 -17"><span class='ocrx_word' id='word_1_160' title='bbox 135 2072 293 2147; x_wconf 80' lang='lat' dir='ltr'><strong>differunt,</strong></span> <span class='ocrx_word' id='word_1_161' title='bbox 312 2073 396 2146; x_wconf 89' lang='lat' dir='ltr'><strong>quod</strong></span> <span class='ocrx_word' id='word_1_162' title='bbox 409 2073 460 2134; x_wconf 88' lang='lat' dir='ltr'><strong>illa</strong></span> <span class='ocrx_word' id='word_1_163' title='bbox 474 2080 691 2134; x_wconf 82' lang='lat' dir='ltr'><strong>mansuescunt</strong></span> <span class='ocrx_word' id='word_1_164' title='bbox 705 2073 868 2149; x_wconf 88' lang='lat' dir='ltr'><strong>alentibus,</strong></span> <span class='ocrx_word' id='word_1_165' title='bbox 883 2073 992 2135; x_wconf 80' lang='lat' dir='ltr'><strong>horum</strong></span> <span class='ocrx_word' id='word_1_166' title='bbox 1009 2076 1113 2139; x_wconf 83' lang='lat' dir='ltr'><strong>rabies</strong></span> 
     </span>
     <span class='ocr_line' id='line_1_23' title="bbox 134 2156 781 2231; baseline -0.002 -15"><span class='ocrx_word' id='word_1_167' title='bbox 134 2159 221 2230; x_wconf 82' lang='lat' dir='ltr'><strong>ipsos</strong></span> <span class='ocrx_word' id='word_1_168' title='bbox 236 2173 255 2216; x_wconf 84' lang='lat' dir='ltr'><strong>a</strong></span> <span class='ocrx_word' id='word_1_169' title='bbox 269 2156 380 2231; x_wconf 88' lang='lat' dir='ltr'><strong>quibus</strong></span> <span class='ocrx_word' id='word_1_170' title='bbox 396 2164 443 2218; x_wconf 87' lang='lat' dir='ltr'><strong>est</strong></span> <span class='ocrx_word' id='word_1_171' title='bbox 457 2156 581 2231; x_wconf 87' lang='lat' dir='ltr'><strong>nutrita,</strong></span> <span class='ocrx_word' id='word_1_172' title='bbox 596 2157 781 2231; x_wconf 72' lang='lat' dir='ltr'><strong>denoscitur.</strong></span> 
     </span>
    </p>

    <p class='ocr_par' dir='ltr' id='par_1_6' title="bbox 107 2237 1118 2902">
     <span class='ocr_line' id='line_1_24' title="bbox 107 2237 1102 2316; baseline 0.008 -18"><span class='ocrx_word' id='word_1_173' title='bbox 107 2237 121 2288; x_wconf 95' lang='lat' dir='ltr'><strong>l</strong></span> <span class='ocrx_word' id='word_1_174' title='bbox 196 2240 244 2299; x_wconf 80' lang='lat' dir='ltr'><strong>lx.</strong></span> <span class='ocrx_word' id='word_1_175' title='bbox 272 2239 444 2316; x_wconf 80' lang='lat' dir='ltr'><strong>Numquam</strong></span> <span class='ocrx_word' id='word_1_176' title='bbox 457 2240 548 2301; x_wconf 87' lang='lat' dir='ltr'><strong>irasci</strong></span> <span class='ocrx_word' id='word_1_177' title='bbox 569 2240 688 2302; x_wconf 86' lang='lat' dir='ltr'><strong>desinet</strong></span> <span class='ocrx_word' id='word_1_178' title='bbox 708 2240 849 2316; x_wconf 74' lang='lat' dir='ltr'><strong>sapiens,</strong></span> <span class='ocrx_word' id='word_1_179' title='bbox 871 2239 899 2300; x_wconf 94' lang='lat' dir='ltr'><strong>si</strong></span> <span class='ocrx_word' id='word_1_180' title='bbox 920 2243 1017 2302; x_wconf 86' lang='lat' dir='ltr'><strong>semel</strong></span> <span class='ocrx_word' id='word_1_181' title='bbox 1041 2259 1102 2306; x_wconf 86' lang='lat' dir='ltr'><strong>coe</strong></span> 
     </span>
     <span class='ocr_line' id='line_1_25' title="bbox 134 2323 1113 2400; baseline 0.006 -17"><span class='ocrx_word' id='word_1_182' title='bbox 134 2323 225 2399; x_wconf 79' lang='lat' dir='ltr'><strong>perit:</strong></span> <span class='ocrx_word' id='word_1_183' title='bbox 241 2325 346 2387; x_wconf 88' lang='lat' dir='ltr'><strong>omnic</strong></span> <span class='ocrx_word' id='word_1_184' title='bbox 357 2325 528 2385; x_wconf 71' lang='lat' dir='ltr'><strong>sceleribus</strong></span> <span class='ocrx_word' id='word_1_185' title='bbox 539 2341 580 2385; x_wconf 87' lang='lat' dir='ltr'><strong>ac.</strong></span> <span class='ocrx_word' id='word_1_186' title='bbox 591 2325 670 2385; x_wconf 87' lang='lat' dir='ltr'><strong>vitiis</strong></span> <span class='ocrx_word' id='word_1_187' title='bbox 687 2325 777 2399; x_wconf 84' lang='lat' dir='ltr'><strong>plena</strong></span> <span class='ocrx_word' id='word_1_188' title='bbox 790 2332 869 2385; x_wconf 89' lang='lat' dir='ltr'><strong>sunt.</strong></span> <span class='ocrx_word' id='word_1_189' title='bbox 891 2327 960 2400; x_wconf 91' lang='lat' dir='ltr'><strong>plus</strong></span> <span class='ocrx_word' id='word_1_190' title='bbox 974 2329 1113 2389; x_wconf 82' lang='lat' dir='ltr'><strong>commit·</strong></span> 
     </span>
     <span class='ocr_line' id='line_1_26' title="bbox 132 2407 1113 2485; baseline 0.007 -18"><span class='ocrx_word' id='word_1_191' title='bbox 132 2407 203 2469; x_wconf 88' lang='lat' dir='ltr'><strong>titur</strong></span> <span class='ocrx_word' id='word_1_192' title='bbox 223 2426 313 2484; x_wconf 89' lang='lat' dir='ltr'><strong>quam</strong></span> <span class='ocrx_word' id='word_1_193' title='bbox 335 2409 420 2485; x_wconf 89' lang='lat' dir='ltr'><strong>quod</strong></span> <span class='ocrx_word' id='word_1_194' title='bbox 441 2409 540 2484; x_wconf 85' lang='lat' dir='ltr'><strong>possit</strong></span> <span class='ocrx_word' id='word_1_195' title='bbox 560 2408 744 2470; x_wconf 78' lang='lat' dir='ltr'><strong>coercitione</strong></span> <span class='ocrx_word' id='word_1_196' title='bbox 759 2408 871 2469; x_wconf 87' lang='lat' dir='ltr'><strong>sanari.</strong></span> <span class='ocrx_word' id='word_1_197' title='bbox 906 2407 1047 2470; x_wconf 88' lang='lat' dir='ltr'><strong>Certatur</strong></span> <span class='ocrx_word' id='word_1_198' title='bbox 1069 2411 1113 2475; x_wconf 89' lang='lat' dir='ltr'><strong>in·</strong></span> 
     </span>
     <span class='ocr_line' id='line_1_27' title="bbox 133 2491 1114 2569; baseline 0.004 -18"><span class='ocrx_word' id='word_1_199' title='bbox 133 2493 213 2565; x_wconf 83' lang='lat' dir='ltr'><strong>genti</strong></span> <span class='ocrx_word' id='word_1_200' title='bbox 230 2492 352 2568; x_wconf 90' lang='lat' dir='ltr'><strong>quidem</strong></span> <span class='ocrx_word' id='word_1_201' title='bbox 367 2493 520 2568; x_wconf 87' lang='lat' dir='ltr'><strong>nequitiae</strong></span> <span class='ocrx_word' id='word_1_202' title='bbox 533 2492 709 2552; x_wconf 85' lang='lat' dir='ltr'><strong>certamine:</strong></span> <span class='ocrx_word' id='word_1_203' title='bbox 724 2492 820 2552; x_wconf 91' lang='lat' dir='ltr'><strong>maior</strong></span> <span class='ocrx_word' id='word_1_204' title='bbox 834 2491 947 2554; x_wconf 90' lang='lat' dir='ltr'><strong>cotidie</strong></span> <span class='ocrx_word' id='word_1_205' title='bbox 958 2493 1114 2569; x_wconf 77' lang='lat' dir='ltr'><strong>peccandi</strong></span> 
     </span>
     <span class='ocr_line' id='line_1_28' title="bbox 134 2575 1115 2654; baseline 0.007 -21"><span class='ocrx_word' id='word_1_206' title='bbox 134 2577 293 2651; x_wconf 83' lang='lat' dir='ltr'><strong>cupiditas,</strong></span> <span class='ocrx_word' id='word_1_207' title='bbox 308 2578 406 2637; x_wconf 85' lang='lat' dir='ltr'><strong>minor</strong></span> <span class='ocrx_word' id='word_1_208' title='bbox 418 2576 601 2637; x_wconf 86' lang='lat' dir='ltr'><strong>verecundia</strong></span> <span class='ocrx_word' id='word_1_209' title='bbox 612 2583 667 2636; x_wconf 90' lang='lat' dir='ltr'><strong>est</strong></span> <span class='ocrx_word' id='word_1_210' title='bbox 688 2576 826 2652; x_wconf 80' lang='lat' dir='ltr'><strong>Expulso</strong></span> <span class='ocrx_word' id='word_1_211' title='bbox 839 2575 971 2636; x_wconf 89' lang='lat' dir='ltr'><strong>melioris</strong></span> <span class='ocrx_word' id='word_1_212' title='bbox 984 2580 1115 2654; x_wconf 85' lang='lat' dir='ltr'><strong>aequio-</strong></span> 
     </span>
     <span class='ocr_line' id='line_1_29' title="bbox 131 2658 1118 2740; baseline 0.004 -24"><span class='ocrx_word' id='word_1_213' title='bbox 131 2659 237 2733; x_wconf 88' lang='lat' dir='ltr'><strong>risque</strong></span> <span class='ocrx_word' id='word_1_214' title='bbox 250 2667 407 2736; x_wconf 88' lang='lat' dir='ltr'><strong>respectu,</strong></span> <span class='ocrx_word' id='word_1_215' title='bbox 429 2675 623 2736; x_wconf 87' lang='lat' dir='ltr'><strong>quocumque</strong></span> <span class='ocrx_word' id='word_1_216' title='bbox 636 2658 736 2720; x_wconf 90' lang='lat' dir='ltr'><strong>visum</strong></span> <span class='ocrx_word' id='word_1_217' title='bbox 751 2667 798 2720; x_wconf 86' lang='lat' dir='ltr'><strong>ost</strong></span> <span class='ocrx_word' id='word_1_218' title='bbox 811 2658 905 2720; x_wconf 89' lang='lat' dir='ltr'><strong>libido</strong></span> <span class='ocrx_word' id='word_1_219' title='bbox 920 2675 956 2719; x_wconf 90' lang='lat' dir='ltr'><strong>sc</strong></span> <span class='ocrx_word' id='word_1_220' title='bbox 970 2659 1118 2740; x_wconf 69' lang='lat' dir='ltr'><strong>inpingit,</strong></span> 
     </span>
     <span class='ocr_line' id='line_1_30' title="bbox 134 2743 1114 2819; baseline 0.009 -19"><span class='ocrx_word' id='word_1_221' title='bbox 134 2757 191 2801; x_wconf 83' lang='lat' dir='ltr'><strong>nec</strong></span> <span class='ocrx_word' id='word_1_222' title='bbox 212 2744 321 2803; x_wconf 81' lang='lat' dir='ltr'><strong>furtiva</strong></span> <span class='ocrx_word' id='word_1_223' title='bbox 340 2743 402 2804; x_wconf 83' lang='lat' dir='ltr'><strong>iam-</strong></span> <span class='ocrx_word' id='word_1_224' title='bbox 414 2745 532 2805; x_wconf 87' lang='lat' dir='ltr'><strong>seelera</strong></span> <span class='ocrx_word' id='word_1_225' title='bbox 546 2750 631 2804; x_wconf 83' lang='lat' dir='ltr'><strong>sunt=</strong></span> <span class='ocrx_word' id='word_1_226' title='bbox 652 2752 772 2818; x_wconf 86' lang='lat' dir='ltr'><strong>praeter</strong></span> <span class='ocrx_word' id='word_1_227' title='bbox 787 2744 896 2804; x_wconf 87' lang='lat' dir='ltr'><strong>oculos</strong></span> <span class='ocrx_word' id='word_1_228' title='bbox 910 2750 999 2819; x_wconf 73' lang='lat' dir='ltr'><strong>eunt,</strong></span> <span class='ocrx_word' id='word_1_229' title='bbox 1015 2746 1114 2811; x_wconf 83' lang='lat' dir='ltr'><strong>adeo·</strong></span> 
     </span>
     <span class='ocr_line' id='line_1_31' title="bbox 134 2825 1114 2902; baseline 0.01 -20"><span class='ocrx_word' id='word_1_230' title='bbox 134 2840 193 2898; x_wconf 86' lang='lat' dir='ltr'><strong>que</strong></span> <span class='ocrx_word' id='word_1_231' title='bbox 208 2825 237 2884; x_wconf 92' lang='lat' dir='ltr'><strong>in</strong></span> <span class='ocrx_word' id='word_1_232' title='bbox 254 2827 407 2902; x_wconf 87' lang='lat' dir='ltr'><strong>publicum</strong></span> <span class='ocrx_word' id='word_1_233' title='bbox 422 2828 517 2888; x_wconf 90' lang='lat' dir='ltr'><strong>missa</strong></span> <span class='ocrx_word' id='word_1_234' title='bbox 531 2825 664 2902; x_wconf 83' lang='lat' dir='ltr'><strong>aequitio</strong></span> <span class='ocrx_word' id='word_1_235' title='bbox 679 2835 727 2888; x_wconf 93' lang='lat' dir='ltr'><strong>est</strong></span> <span class='ocrx_word' id='word_1_236' title='bbox 740 2836 770 2889; x_wconf 90' lang='lat' dir='ltr'><strong>et</strong></span> <span class='ocrx_word' id='word_1_237' title='bbox 784 2825 816 2888; x_wconf 87' lang='lat' dir='ltr'><strong>in</strong></span> <span class='ocrx_word' id='word_1_238' title='bbox 830 2826 967 2887; x_wconf 83' lang='lat' dir='ltr'><strong>omnium</strong></span> <span class='ocrx_word' id='word_1_239' title='bbox 978 2832 1114 2902; x_wconf 84' lang='lat' dir='ltr'><strong>pectori·</strong></span> 
     </span>
    </p>

    <p class='ocr_par' dir='ltr' id='par_1_7' title="bbox 103 2908 1118 3154">
     <span class='ocr_line' id='line_1_32' title="bbox 103 2908 1113 2985; baseline 0.005 -18"><span class='ocrx_word' id='word_1_240' title='bbox 103 2909 190 2969; x_wconf 74' lang='lat' dir='ltr'><strong>lbos</strong></span> <span class='ocrx_word' id='word_1_241' title='bbox 212 2909 338 2984; x_wconf 88' lang='lat' dir='ltr'><strong>evaluit,</strong></span> <span class='ocrx_word' id='word_1_242' title='bbox 359 2918 391 2972; x_wconf 90' lang='lat' dir='ltr'><strong>ut</strong></span> <span class='ocrx_word' id='word_1_243' title='bbox 410 2908 583 2972; x_wconf 90' lang='lat' dir='ltr'><strong>innocentia</strong></span> <span class='ocrx_word' id='word_1_244' title='bbox 597 2928 658 2972; x_wconf 92' lang='lat' dir='ltr'><strong>non</strong></span> <span class='ocrx_word' id='word_1_245' title='bbox 674 2927 752 2985; x_wconf 86' lang='lat' dir='ltr'><strong>raro,</strong></span> <span class='ocrx_word' id='word_1_246' title='bbox 768 2911 824 2971; x_wconf 89' lang='lat' dir='ltr'><strong>scd</strong></span> <span class='ocrx_word' id='word_1_247' title='bbox 836 2911 919 2971; x_wconf 91' lang='lat' dir='ltr'><strong>nulla</strong></span> <span class='ocrx_word' id='word_1_248' title='bbox 932 2911 981 2971; x_wconf 87' lang='lat' dir='ltr'><strong>sit.</strong></span> <span class='ocrx_word' id='word_1_249' title='bbox 1016 2913 1113 2983; x_wconf 70' lang='lat' dir='ltr'><strong>Num</strong></span> 
     </span>
     <span class='ocr_line' id='line_1_33' title="bbox 133 2992 1118 3071; baseline 0.005 -19"><span class='ocrx_word' id='word_1_250' title='bbox 133 2992 205 3067; x_wconf 87' lang='lat' dir='ltr'><strong>quid</strong></span> <span class='ocrx_word' id='word_1_251' title='bbox 221 2994 299 3053; x_wconf 88' lang='lat' dir='ltr'><strong>enim</strong></span> <span class='ocrx_word' id='word_1_252' title='bbox 314 2994 424 3070; x_wconf 75' lang='lat' dir='ltr'><strong>singuli</strong></span> <span class='ocrx_word' id='word_1_253' title='bbox 438 3002 491 3056; x_wconf 90' lang='lat' dir='ltr'><strong>aut</strong></span> <span class='ocrx_word' id='word_1_254' title='bbox 505 2995 595 3069; x_wconf 84' lang='lat' dir='ltr'><strong>pauci</strong></span> <span class='ocrx_word' id='word_1_255' title='bbox 609 3011 720 3071; x_wconf 86' lang='lat' dir='ltr'><strong>rupere</strong></span> <span class='ocrx_word' id='word_1_256' title='bbox 737 2996 856 3069; x_wconf 70' lang='lat' dir='ltr'><strong>legem?</strong></span> <span class='ocrx_word' id='word_1_257' title='bbox 876 2994 1012 3069; x_wconf 86' lang='lat' dir='ltr'><strong>undique</strong></span> <span class='ocrx_word' id='word_1_258' title='bbox 1027 3001 1118 3063; x_wconf 83' lang='lat' dir='ltr'><strong>velut.</strong></span> 
     </span>
     <span class='ocr_line' id='line_1_34' title="bbox 131 3077 1000 3154; baseline 0.003 -19"><span class='ocrx_word' id='word_1_259' title='bbox 131 3077 220 3151; x_wconf 80' lang='lat' dir='ltr'><strong>signo</strong></span> <span class='ocrx_word' id='word_1_260' title='bbox 237 3078 308 3138; x_wconf 91' lang='lat' dir='ltr'><strong>doto</strong></span> <span class='ocrx_word' id='word_1_261' title='bbox 324 3079 367 3138; x_wconf 88' lang='lat' dir='ltr'><strong>ad</strong></span> <span class='ocrx_word' id='word_1_262' title='bbox 378 3079 425 3138; x_wconf 88' lang='lat' dir='ltr'><strong>ias</strong></span> <span class='ocrx_word' id='word_1_263' title='bbox 440 3080 589 3154; x_wconf 84' lang='lat' dir='ltr'><strong>notosque</strong></span> <span class='ocrx_word' id='word_1_264' title='bbox 603 3079 792 3139; x_wconf 82' lang='lat' dir='ltr'><strong>miscendum</strong></span> <span class='ocrx_word' id='word_1_265' title='bbox 809 3077 906 3140; x_wconf 89' lang='lat' dir='ltr'><strong>coorti</strong></span> <span class='ocrx_word' id='word_1_266' title='bbox 919 3086 1000 3139; x_wconf 86' lang='lat' dir='ltr'><strong>suot.</strong></span> 
     </span>
    </p>

    <p class='ocr_par' dir='ltr' id='par_1_8' title="bbox 167 3162 1052 3573">
     <span class='ocr_line' id='line_1_35' title="bbox 322 3162 782 3239; baseline 0.007 -18"><span class='ocrx_word' id='word_1_267' title='bbox 322 3162 385 3223; x_wconf 82' lang='lat' dir='ltr'><strong>Noa</strong></span> <span class='ocrx_word' id='word_1_268' title='bbox 400 3163 508 3238; x_wconf 68' lang='lat' dir='ltr'><strong>hospes·</strong></span> <span class='ocrx_word' id='word_1_269' title='bbox 518 3164 556 3224; x_wconf 81' lang='lat' dir='ltr'><strong>ob</strong></span> <span class='ocrx_word' id='word_1_270' title='bbox 568 3164 679 3239; x_wconf 79' lang='lat' dir='ltr'><strong>bospite</strong></span> <span class='ocrx_word' id='word_1_271' title='bbox 692 3170 782 3236; x_wconf 79' lang='grc'><strong>1111,</strong></span> 
     </span>
     <span class='ocr_line' id='line_1_36' title="bbox 171 3248 1052 3321; baseline 0.009 -18"><span class='ocrx_word' id='word_1_272' title='bbox 171 3259 228 3303; x_wconf 81' lang='lat' dir='ltr'><strong>noa</strong></span> <span class='ocrx_word' id='word_1_273' title='bbox 243 3260 326 3305; x_wconf 78' lang='lat' dir='ltr'><strong>socer</strong></span> <span class='ocrx_word' id='word_1_274' title='bbox 340 3262 489 3320; x_wconf 66' lang='grc'><strong>1111111.</strong></span> <span class='ocrx_word' id='word_1_275' title='bbox 514 3248 648 3321; x_wconf 67' lang='lat' dir='ltr'><strong>frasam</strong></span> <span class='ocrx_word' id='word_1_276' title='bbox 662 3263 775 3321; x_wconf 83' lang='lat' dir='ltr'><strong>qaoque</strong></span> <span class='ocrx_word' id='word_1_277' title='bbox 784 3249 885 3321; x_wconf 66' lang='lat' dir='ltr'><strong>eruto</strong></span> <span class='ocrx_word' id='word_1_278' title='bbox 897 3263 974 3309; x_wconf 77' lang='lat' dir='ltr'><strong>rara</strong></span> <span class='ocrx_word' id='word_1_279' title='bbox 990 3257 1052 3311; x_wconf 77' lang='lat' dir='ltr'><strong>est..</strong></span> 
     </span>
     <span class='ocr_line' id='line_1_37' title="bbox 172 3328 800 3404; baseline 0.008 -20"><span class='ocrx_word' id='word_1_280' title='bbox 172 3328 291 3388; x_wconf 83' lang='lat' dir='ltr'><strong>inminet</strong></span> <span class='ocrx_word' id='word_1_281' title='bbox 306 3332 396 3390; x_wconf 85' lang='lat' dir='ltr'><strong>exitio</strong></span> <span class='ocrx_word' id='word_1_282' title='bbox 408 3333 454 3391; x_wconf 84' lang='lat' dir='ltr'><strong>vir</strong></span> <span class='ocrx_word' id='word_1_283' title='bbox 466 3333 611 3404; x_wconf 65' lang='lat' dir='ltr'><strong>conlucis,</strong></span> <span class='ocrx_word' id='word_1_284' title='bbox 626 3333 680 3390; x_wconf 86' lang='lat' dir='ltr'><strong>illu</strong></span> <span class='ocrx_word' id='word_1_285' title='bbox 693 3332 800 3391; x_wconf 82' lang='lat' dir='ltr'><strong>mariti.</strong></span> 
     </span>
     <span class='ocr_line' id='line_1_38' title="bbox 171 3411 857 3476; baseline 0.009 -8"><span class='ocrx_word' id='word_1_286' title='bbox 171 3411 272 3470; x_wconf 79' lang='lat' dir='ltr'><strong>larido</strong></span> <span class='ocrx_word' id='word_1_287' title='bbox 287 3414 429 3474; x_wconf 81' lang='lat' dir='ltr'><strong>terribiles</strong></span> <span class='ocrx_word' id='word_1_288' title='bbox 442 3417 563 3475; x_wconf 84' lang='lat' dir='ltr'><strong>miscent</strong></span> <span class='ocrx_word' id='word_1_289' title='bbox 576 3417 692 3476; x_wconf 82' lang='lat' dir='ltr'><strong>aconita</strong></span> <span class='ocrx_word' id='word_1_290' title='bbox 706 3430 857 3474; x_wconf 72' lang='lat' dir='ltr'><strong>noemae.</strong></span> 
     </span>
     <span class='ocr_line' id='line_1_39' title="bbox 167 3495 842 3573; baseline 0.009 -21"><span class='ocrx_word' id='word_1_291' title='bbox 167 3495 248 3565; x_wconf 76' lang='lat' dir='ltr'><strong>filius</strong></span> <span class='ocrx_word' id='word_1_292' title='bbox 261 3503 329 3556; x_wconf 80' lang='lat' dir='ltr'><strong>unte</strong></span> <span class='ocrx_word' id='word_1_293' title='bbox 344 3497 420 3557; x_wconf 78' lang='lat' dir='ltr'><strong>diem</strong></span> <span class='ocrx_word' id='word_1_294' title='bbox 429 3500 546 3573; x_wconf 81' lang='lat' dir='ltr'><strong>patrios</strong></span> <span class='ocrx_word' id='word_1_295' title='bbox 560 3501 684 3573; x_wconf 79' lang='lat' dir='ltr'><strong>inquirit</strong></span> <span class='ocrx_word' id='word_1_296' title='bbox 695 3501 725 3557; x_wconf 88' lang='lat' dir='ltr'><strong>in</strong></span> <span class='ocrx_word' id='word_1_297' title='bbox 740 3515 842 3558; x_wconf 86' lang='lat' dir='ltr'><strong>uanos.</strong></span> 
     </span>
    </p>
   </div>
   <div class='ocr_carea' id='block_1_3' title="bbox 0 0 1224 3968">
    <p class='ocr_par' dir='ltr' id='par_1_9' title="bbox 0 0 1224 3968">
     <span class='ocr_line' id='line_1_40' title="bbox 0 0 1224 3968; baseline 0 1"><span class='ocrx_word' id='word_1_298' title='bbox 0 0 1224 3968; x_wconf 95' lang='lat' dir='ltr'><strong> </strong></span> 
     </span>
    </p>
   </div>
  </div>
 </body>
</html>
