2438 3968
183 239 224 302 78
476 239 510 298 L.
533 236 679 298 ANNAEI
703 238 877 298 SENECAE

184 390 517 452 animoinlrorrescunt.
541 395 830 450 tumescuntvenae.
854 391 1058 454 concutietur
1071 396 1175 457 crebro

185 475 293 551 spiritu
310 481 432 550 pectus,
453 474 560 534 rabida
576 473 662 534 vocis
680 475 797 549 eruptio
814 476 893 535 colla
909 474 1090 539 distendet„
1119 487 1174 541 tunt

185 565 268 620 artus
285 558 408 634 trepidi,
429 560 582 635 inquietae
598 574 715 630 manus,
734 560 826 618 totius
842 560 988 634 corporis
1003 560 1172 625 fluctuatio.

157 643 310 716 tQualem
325 644 404 703 intus
420 651 510 718 putas
525 657 597 702 esse
612 643 758 714 animum,
779 643 866 702 cuius
885 650 977 704 extra
994 645 1172 722 imago-tan

186 729 276 788 foeda
296 734 364 788 estt
388 734 500 802 quanto
520 726 562 785 illi
581 727 658 786 iutra
678 733 784 801 pectus
805 727 972 788 terribilior
992 730 1105 791 voltus
1124 738 1170 807 est,

185 811 284 872 acrior
298 811 439 887 spiritus,
455 810 597 870 intentior
611 810 748 886 inpetus,
764 818 909 885 rupturus
924 827 962 872 se
978 811 1045 873 nisi
1068 826 1170 891 empe-

157 896 232 956 drit.
268 895 379 969 Quales
400 900 472 954 sunt
490 893 623 954 hostium
642 896 690 953 vel
708 895 839 955 ferarum
863 895 962 955 caede
983 898 1169 960 madentium

186 980 293 1040 autad
308 978 433 1038 caedem
450 978 583 1038 euntium
598 978 780 1052 adspectus,
803 978 905 1053 qualia
918 987 1038 1054 poetae
1059 983 1168 1043 interm

186 1070 322 1123 monstra
343 1063 497 1122 linxerunt
515 1062 673 1122 subcincta
695 1061 890 1137 serpentibus
915 1070 945 1123 et
969 1065 1070 1140 igneo
1094 1064 1167 1139 flatu,

187 1147 294 1222 quales
314 1148 352 1206 ad
373 1147 453 1206 bella
474 1147 635 1205 excitanda
653 1146 900 1221 discordiamque
920 1147 951 1205 in
969 1151 1115 1224 populos
1131 1148 1167 1210 di

187 1231 350 1291 videndam
372 1245 541 1306 pacemque
562 1231 755 1290 lacerandam
769 1231 939 1292 teterrimae
962 1231 1104 1295 inferum
1123 1248 1166 1293 ex·
1207 1290 1211 1299 ,

187 1321 273 1375 eunt:
288 1317 378 1375 talem
394 1315 483 1375 nobis
499 1314 573 1374 iram
591 1315 774 1389 figuremus,
791 1313 913 1374 flamma
930 1311 1053 1378 lumina
1067 1318 1167 1378 arden·
1207 1322 1210 1329 '

186 1400 241 1474 tia,
264 1400 353 1460 sibilo
377 1399 555 1474 mugituque
576 1405 606 1458 et
626 1400 739 1474 gemitu
760 1405 790 1458 ει
804 1397 935 1459 stridore
949 1406 981 1459 et
997 1400 1026 1460 si
1046 1418 1113 1477 qua
1127 1401 1166 1461 bis

187 1484 313 1545 invisior
328 1500 389 1544 vox
404 1492 466 1558 cst,
489 1489 746 1560 perstrepentem,
766 1486 826 1543 tela
840 1499 931 1542 manu
944 1488 1088 1561 utraque
1102 1500 1164 1562 qua

187 1571 325 1643 tientem,
357 1584 457 1642 neque
482 1569 562 1628 enim
586 1567 628 1626 illi
653 1582 689 1626 se
714 1573 817 1642 tegere
844 1582 936 1628 curae
959 1575 1027 1641 est,
1057 1577 1166 1632 torum

188 1659 405 1729 cruentamque
426 1660 457 1713 et
477 1652 686 1711 cicatricosam
707 1657 738 1710 et
751 1650 930 1711 verberibus
950 1650 1019 1712 suis
1038 1652 1164 1723 lividam.

187 1738 328 1797 incessus
351 1737 473 1808 vesani,
496 1736 636 1796 obfusam
657 1736 750 1794 multa
769 1735 911 1810 caligine,
929 1735 1165 1809 incursitautcm.

188 1826 356 1880 vastantem
374 1821 590 1894 fugantemque
607 1825 637 1878 et
656 1819 789 1879 omnium
806 1819 877 1879 odio
896 1817 1165 1896 laborantem,sai

187 1901 334 1974 maxime,
353 1904 379 1962 si
396 1905 482 1964 aliter
499 1917 610 1963 nocere
627 1919 688 1962 non
708 1903 820 1977 possit,
837 1911 952 1976 terras,
970 1904 1092 1982 maria,
1107 1920 1164 1967 coe

158 1989 249 2049 filum
265 2001 355 2047 ruere
374 1988 560 2062 cupientem,
578 1985 718 2046 infestam
742 1987 853 2061 pariter
873 1986 1083 2064 invisamque.
1115 1988 1164 2059 vel.

188 2071 215 2131 si
234 2070 367 2141 videtur,
391 2071 430 2130 sit
450 2071 549 2144 qualis
567 2070 649 2144 apud
666 2077 752 2131 vates
772 2076 895 2130 nostros
913 2078 960 2130 est

271 2158 464 2230 seneciacum
485 2157 619 2230 quatt'ens
639 2155 748 2215 &aba
768 2155 895 2217 Bellona
912 2158 1091 2231 flabellum,

270 2246 323 2300 out
342 2242 435 2300 scissa
451 2240 589 2314 peomne
608 2239 691 2300 vadit
707 2240 865 2300 Dt'scerdfa
881 2242 986 2315 palla,

188 2331 240 2384 aut
267 2325 293 2384 si
321 2341 381 2399 qua
409 2322 505 2398 magis
534 2324 600 2383 dira
628 2324 722 2384 facies
751 2323 918 2398 excogitari
947 2323 1004 2382 diri
1028 2325 1166 2387 adfectus

189 2416 297 2485 potest.

160 2503 174 2555 1
250 2492 384 2553 XXXVI.
412 2537 430 2564 „
439 2491 639 2565 Quibusdam,
662 2497 695 2551 ut
716 2492 757 2550 ait
781 2489 922 2564 Sextius,
945 2489 1033 2553 iratis
1058 2493 1167 2570 profuit

187 2576 373 2654 adspexisse
402 2577 570 2650 speculum.
616 2574 799 2650 perturbavit
834 2575 902 2634 illos
932 2581 1016 2636 tanta
1044 2578 1166 2640 mutabo

188 2661 246 2720 sui.
283 2660 418 2720 velutin
440 2675 504 2719 rem
527 2667 718 2734 praesentem
745 2656 870 2718 adducti
893 2675 953 2719 non
975 2666 1168 2735 agnoverunt

188 2748 264 2802 se“=
287 2752 317 2803 et
340 2744 517 2820 quantulum
539 2759 578 2803 ex
599 2758 673 2803 vera
692 2742 882 2804 deformitate
904 2742 1004 2818 imago
1025 2742 1085 2806 itta
1104 2761 1167 2822 spe

159 2827 256 2887 acula
279 2842 464 2902 repercussa
490 2827 660 2887 reddebam
691 2826 820 2886 Animus
843 2827 870 2886 si
892 2828 1012 2888 ostendi
1035 2836 1071 2890 ει
1094 2830 1121 2891 si
1142 2830 1167 2889 iu

189 2911 249 2970 ulla
266 2912 391 2972 materia
407 2911 565 2986 perlucere
584 2918 706 2986 posset,
730 2910 873 2971 intuentis
890 2927 949 2972 nos
967 2912 1170 2974 confunderet

187 3001 252 3055 ater
272 2996 512 3070 maculosusque
537 3003 567 3055 et
589 3003 732 3055 aestuans
754 3001 785 3054 et
807 2994 954 3057 distortus
974 3001 1004 3054 et
1023 2995 1169 3059 tumidus.

187 3095 268 3140 nunc
292 3095 418 3156 quoque
436 3085 518 3138 tanta
535 3079 711 3140 deformitas
728 3079 794 3139 eius
813 3085 861 3139 est
880 3095 934 3155 per
953 3093 1028 3140 ossa
1046 3096 1169 3143 carnes·

92 3181 96 3189 ·
188 3177 248 3237 que
265 3171 295 3223 et
315 3171 360 3224 tot
380 3161 596 3236 impedimenta
617 3162 785 3224 effluentis=
806 3163 880 3239 quid
899 3162 926 3224 si
944 3162 1050 3224 nudus
1071 3171 1170 3227 osten·

159 3245 331 3306 adoratura
364 3244 496 3322 Speculo
526 3246 647 3324 quidem
677 3245 827 3306 neminem
854 3247 1029 3308 deterritum
1060 3249 1103 3310 ab
1130 3249 1172 3309 ira

188 3329 304 3389 credisa
327 3329 400 3405 quid
417 3337 514 3405 ergot
535 3329 588 3407 qui
607 3331 647 3391 ad
664 3332 822 3406 speculum
840 3337 978 3405 venerat,
1000 3337 1035 3392 ut
1050 3346 1093 3393 'se
1109 3348 1171 3393 mu·

187 3420 278 3483 taret,
302 3412 361 3472 iarn
382 3421 559 3476 mutaverat.
582 3415 669 3475 fratis
692 3414 813 3491 quidem
837 3417 920 3474 nulla
940 3422 988 3475 cst
1004 3416 1173 3479 formosior

188 3495 308 3573 efligies
332 3513 423 3572 quam
444 3504 532 3558 atrox
555 3506 584 3558 et
599 3496 724 3560 horrida
743 3502 912 3574 qualesque
929 3514 1000 3560 esse
1018 3501 1115 3563 etiarn
1130 3501 1171 3563 vi·
