2438 3968
338 506 373 586 t.
399 503 538 586 ttttttu
565 502 734 586 SENECAE

264 671 317 721 Ab
347 669 553 720 NERONEM
581 669 813 722 CAESAREM

168 798 904 895 btcttttbltttt

438 986 572 1048 LIBER
598 986 636 1048 11.

115 1273 138 1332 Ι.
160 1272 200 1334 Ut
221 1272 259 1331 de
276 1273 434 1332 clementia
455 1274 634 1346 scriberem,
655 1274 735 1334 Nero
752 1274 878 1347 Caesar,
898 1290 1052 1347 una1ne1

48 1373 114 1419 vox
129 1363 181 1417 tua
191 1355 320 1415 maxime
332 1358 481 1432 conpulit,
497 1375 589 1433 quam
601 1373 659 1433 ego
672 1373 732 1417 non
744 1358 811 1417 sine
823 1358 1022 1418 admiratione

47 1448 85 1502 >et
104 1457 173 1500 cum
192 1439 358 1513 diceretur,
381 1441 507 1501 audisse
528 1442 664 1514 memini,
689 1448 720 1501 et
739 1440 851 1500 deinde
870 1442 937 1501 aliis
953 1459 1021 1501 nar·

49 1540 155 1598 rasse,
171 1538 280 1584 vocem
294 1539 490 1598 generosam,
509 1525 609 1600 magni
621 1524 726 1599 animi,
741 1541 868 1599 magnae
880 1524 1020 1597 lenitaue,

52 1623 134 1685 quae
153 1624 214 1669 non
235 1607 397 1683 conposita
411 1625 468 1668 nec
483 1608 590 1669 alienis
606 1609 729 1669 auribus
745 1610 819 1681 [aeti]
836 1608 936 1668 subito
951 1609 1023 1670 data

52 1691 172 1767 crepuit
191 1699 220 1751 et
238 1691 403 1752 bonitatem
424 1701 505 1752 tuam
526 1708 594 1752 curn
613 1694 733 1753 iortuna
747 1701 800 1752 tua
813 1691 977 1766 litigantem
992 1694 1021 1751 in

52 1776 186 1836 medium
200 1774 335 1835 adduxit.
369 1775 646 1837 Animadversurus
661 1777 689 1834 in
706 1777 840 1836 latrones
856 1777 935 1836 duos
946 1777 1054 1840 Bur-2

52 1875 108 1920 rus
129 1861 301 1935 praefectus
322 1866 407 1932 tuus,
433 1860 479 1918 vir
500 1860 641 1935 egregius
661 1866 691 1920 et
711 1860 763 1919 libi
778 1859 908 1936 principi
923 1869 1021 1934 natus,

53 1943 196 2022 exigebat
207 1959 226 2001 a
236 1949 280 2016 te,
295 1942 446 2002 scriberes
461 1945 491 2002 in
508 1961 587 2019 quos
603 1951 686 2003 etex
701 1960 763 2019 qua
778 1960 873 2004 causa
887 1944 1021 2004 animad-

52 2029 130 2087 verti
144 2027 250 2086 velles.
278 2026 337 2086 hoc
352 2042 447 2101 saepe
462 2027 586 2089 dilatum
600 2034 634 2089 ut
648 2027 814 2102 aliquando
828 2028 917 2088 fieret
929 2028 1021 2087 insta-

34 2110 114 2172 'bat
149 2110 265 2171 Invitus
285 2109 378 2170 invito
396 2128 463 2171 cum
479 2112 612 2172 chartam
627 2113 804 2189 protulisset
818 2112 1021 2186 traderetque,

52 2193 251 2254 exclamasti:
267 2198 385 2255 ‚vellent
410 2199 552 2257 nescirem
573 2194 695 2258 literas!
729 2194 891 2269 Odignam
905 2207 1054 2266 vocema

53 2292 146 2353 quam
166 2277 304 2336 audirent
323 2294 428 2338 omnes
443 2287 565 2352 genteS,
587 2295 666 2352 quae
679 2280 851 2339 Romanum
865 2277 1023 2352 imperium

53 2360 204 2431 incolunt,
227 2377 368 2434 quaeque
386 2361 470 2421 iuxta
483 2363 581 2422 iacent
596 2362 707 2421 dubiae
720 2362 866 2421 libertatis
882 2377 1022 2436 quaeque

43 2440 90 2505 'se
105 2451 211 2503 contra
228 2442 341 2503 viribus
357 2452 410 2504 aut
425 2444 531 2504 animis
546 2446 707 2505 adtollunt!
739 2444 762 2505 0
780 2461 888 2504 vocem
903 2445 933 2503 in
949 2461 1021 2505 con-

52 2529 173 2589 cionem
198 2527 330 2587 omnium
357 2529 525 2588 mortalium
548 2529 742 2602 mittendam,
768 2529 798 2588 in
821 2529 908 2589 cuius
928 2529 1024 2588 verba

53 2611 210 2689 principes
229 2626 382 2686 regesque
395 2611 540 2671 iurarent!
574 2611 597 2672 0
614 2628 721 2673 vocem
735 2612 886 2688 publicam
900 2613 1022 2688 generis

52 2695 177 2758 humani
187 2695 381 2769 [innocentia]
392 2696 522 2770 dignam,
537 2697 584 2756 cui
595 2696 773 2756 redderetur
782 2696 937 2771 antiquum
947 2695 1023 2756 illud

53 2781 208 2842 seculum!
238 2779 324 2838 Nunc
345 2781 482 2855 proiecto
505 2781 676 2841 consentire
691 2782 819 2841 decebat
834 2781 873 2840 ad
888 2795 1020 2855 aequum
1035 2790 1054 2844 t

52 2864 230 2939 bonumque
251 2865 382 2937 expulsa
401 2864 490 2924 alieni
512 2864 671 2940 cupidine,
697 2880 735 2924 ex
751 2881 812 2940 qua
827 2881 917 2924 omne
929 2864 1021 2923 animi

52 2949 166 3007 malum
181 2947 287 3017 oritur,
311 2949 452 3020 pietatem
471 2949 731 3024 integritatemque
747 2965 815 3010 cum
830 2949 892 3008 lide
906 2963 943 3007 ac
957 2964 1021 3006 mo·

53 3031 154 3093 destia
173 3046 347 3106 resurgere:
378 3039 407 3091 et
428 3031 498 3092 vitia
519 3033 658 3093 diuturno
681 3033 778 3093 abusa
791 3048 885 3107 regno
899 3032 1022 3090 tandem

51 3115 132 3176 ielici
149 3131 185 3176 ac
202 3132 278 3191 puro
293 3117 399 3175 seculo
414 3116 522 3175 darent
534 3117 645 3176 iocum.

116 3200 152 3258 ll.
174 3199 317 3260 Futurum
332 3199 405 3271 boc,
427 3199 552 3271 Caesar,
577 3216 616 3259 ex
630 3216 740 3274 magna
754 3207 840 3274 parte
855 3214 981 3274 sperare
993 3205 1055 3260 etl

51 3283 192 3344 confiteri
205 3285 286 3344 libet.
317 3283 463 3344 Tradetur
474 3285 532 3344 ista
543 3284 634 3343 animi
646 3284 687 3344 bri
698 3283 899 3346 mansuetudo
911 3281 1020 3343 diffun-

52 3368 204 3442 deturque
225 3367 366 3442 paulatim
390 3383 445 3442 per
459 3383 548 3428 omne
561 3367 678 3443 imperii
695 3383 807 3442 corpus
824 3377 854 3428 et
867 3375 977 3428 cuncta
990 3368 1022 3425 in

51 3450 277 3511 similitudinem
304 3451 346 3511 tui
368 3452 583 3514 formabuntur.
617 3454 644 3510 A
665 3452 765 3526 capite
785 3452 867 3512 bona
888 3450 1022 3511 valitudo
