2438 3968
196 256 259 320 194
390 257 424 316 L.
443 255 590 314 ANNAEI
612 253 788 315 SENECAE
808 255 910 315 DIAL.
923 255 974 315 IX.

195 413 307 488 ignave
322 408 484 486 perierunt,
500 409 574 470 nihil
588 409 686 484 periit.
708 417 760 470 aut
774 409 857 484 digni
872 417 952 485 sunt,
968 429 1097 487 quorum
1115 412 1175 472 vir·

196 504 246 557 tus
260 493 314 557 tibi
330 496 463 570 placcat,
478 501 530 554 aut
544 494 674 568 indigni,
692 511 822 569 quorum
837 494 1030 556 desideretur
1040 495 1174 570 ignavia.

198 581 271 657 quid
292 580 372 639 enim
395 586 443 639 est
456 578 576 653 turpius
592 593 683 653 quam
697 579 724 638 si
740 577 864 638 maximi
879 577 936 638 viri
950 579 1075 640 timidos
1090 581 1174 641 forti-

165 660 414 730 ammonendo
429 662 563 722 faciunt?
582 662 757 722 Laudemus
771 663 883 722 totiens
896 662 1019 737 dignum
1030 663 1175 725 laudibus

198 756 229 810 ct
243 747 397 808 dicamus:
408 753 492 807 tanto
504 747 619 818 fortior,
632 752 715 806 tanto
728 745 859 806 felicior!
875 745 1015 809 homines
1027 747 1174 823 effugisti,

198 833 306 906 casus,
329 833 469 903 livorem,
484 831 632 891 morbum.
666 831 756 890 existi
771 846 810 889 ex
825 830 974 891 custodia.
1004 849 1066 894 non
1081 840 1115 893 tu
1131 833 1174 893 di-

197 932 279 992 gnus
298 917 378 975 mala
396 916 518 976 fortuna
538 914 587 974 dis
601 914 687 975 visus
702 930 752 988 θε,
779 915 836 975 sed
850 914 1010 990 indignus,
1035 916 1066 975 in
1083 932 1175 992 quem

197 1001 257 1060 iam
273 999 389 1075 aliquid
407 1000 527 1060 fortuna
542 1005 660 1073 posset.
694 997 941 1060 Subducentibus
955 1016 1030 1061 vero
1046 1017 1082 1061 se
1098 1010 1131 1060 et
1143 1001 1173 1061 in

197 1085 268 1160 ipsa
293 1089 389 1143 morte
416 1083 456 1142 ad
481 1083 574 1143 vitam
598 1082 844 1157 respectantibus
868 1099 977 1143 manus
1003 1083 1175 1144 iniciendae

164 1173 279 1236 csunt.
312 1167 466 1226 Neminem
481 1165 563 1228 flebo
578 1169 706 1240 laetum,
731 1167 881 1227 neminem
895 1165 1036 1227 flentcm=
1063 1169 1115 1228 ille
1133 1169 1174 1228 la-

199 1251 309 1313 crimas
332 1267 417 1311 meas
433 1251 501 1326 ipse
515 1251 674 1326 abstersit,
699 1249 749 1310 hic
764 1250 829 1311 suis
844 1251 976 1311 lacrimis
991 1251 1111 1327 effecit,
1137 1269 1175 1312 ne

197 1337 269 1398 ullis
286 1335 397 1411 dignus
412 1335 460 1396 sit.
482 1334 547 1409 Ego
563 1336 725 1396 Herculem
739 1334 846 1408 fleam,
863 1336 947 1410 quod
961 1336 1051 1396 vivus
1065 1337 1173 1407 uritur,

198 1429 251 1482 aut
264 1421 429 1495 Regulum,
456 1419 539 1496 quod
555 1427 598 1480 tot
613 1420 710 1479 clavis
723 1419 924 1494 transfigitur,
947 1426 998 1479 aut
1012 1418 1175 1494 Catonem,

200 1505 418 1581 quodvolnera
430 1520 487 1564 sua
497 1507 606 1564 iterat?
625 1502 738 1563 Omnes
751 1503 800 1562 isti
811 1504 871 1562 levi
883 1502 1030 1578 temporis
1043 1505 1177 1579 inpensa

199 1590 387 1660 invenerunt,
405 1588 561 1664 quomodo
576 1588 690 1647 aeterni
706 1587 821 1662 fierent,
840 1588 920 1648 etad
932 1589 1176 1648 inmortalitatem

199 1673 357 1733 moriendo
372 1678 531 1732 venerunt.

169 1761 184 1812 1
262 1755 357 1816 XVll.
388 1755 455 1816 Est
475 1754 1175 1817 etillasollicitudinumnonmedio-

146 1863 160 1930 ζ
201 1838 280 1899 cris
305 1839 481 1912 materia,
510 1840 541 1899 si
566 1839 741 1920 teanxie
765 1855 969 1914 conponas
990 1840 1175 1900 necuflis

201 1921 435 1997 simpliciter
451 1923 646 1993 ostendas,
664 1924 762 1998 qualis
778 1925 938 1983 multorum
948 1923 1010 1984 vita
1022 1930 1078 1994 θεῖ
1094 1923 1175 1995 ficta,

201 2006 396 2068 ostentationi
412 2014 527 2082 parata.
555 2013 679 2081 torquet
696 2006 773 2066 enim
791 2007 921 2067 adsidua
935 2007 1112 2067 observatio
1129 2006 1175 2068 sui

200 2098 232 2151 et
245 2090 434 2165 deprehendi
449 2091 535 2151 aliter
554 2106 590 2150 ac
608 2092 700 2164 solet,
720 2093 840 2165 metuit,
864 2106 922 2150 nee
937 2107 1085 2166 umquam
1101 2107 1175 2151 cura

200 2175 363 2249 solvimur,
386 2174 439 2234 ubi
464 2174 575 2236 totiens
596 2190 653 2234 nos
676 2175 827 2234 aestimari
848 2182 1004 2250 putamus,
1032 2176 1176 2249 quotiens

201 2260 329 2335 adspici.
359 2259 434 2318 Nam
456 2259 595 2318 etmulta
609 2259 761 2332 incidunt,
788 2275 866 2333 quae
882 2258 992 2319 invitos
1009 2258 1174 2330 denudent,

201 2353 244 2416 et,
260 2352 293 2405 ut
306 2344 386 2403 bene
401 2342 490 2404 cedat
503 2350 584 2402 tanta
599 2343 646 2402 sui
664 2344 831 2417 diligentia,
848 2359 908 2403 non
924 2350 1024 2403 tamen
1040 2342 1176 2403 iucunda

168 2430 262 2491 tulta
287 2435 339 2488 aut
363 2443 472 2488 secura
493 2434 540 2487 est
562 2442 684 2501 semper
704 2427 762 2487 sub
777 2442 910 2501 persona
924 2427 1102 2487 viventium.
1136 2429 1176 2486 At

201 2513 253 2573 illa
275 2520 419 2587 quantum
441 2511 532 2571 habet
552 2511 716 2586 voluptatis
737 2510 857 2570 sincera
871 2518 901 2571 et
915 2526 971 2585 per
986 2526 1021 2570 se
1036 2511 1175 2571 inornata

201 2596 394 2671 simplicitas,
420 2595 493 2655 nihil
515 2595 684 2654 obtendens
699 2596 835 2654 moribus
851 2596 938 2655 suist
971 2593 1058 2655 Subit
1071 2602 1172 2655 tamen

201 2688 232 2741 et
256 2680 333 2739 hacc
356 2681 418 2740 vita
439 2685 630 2754 contemptus
652 2679 833 2753 periculum,
862 2679 888 2739 si
911 2679 1011 2740 omnia
1033 2680 1175 2738 omnibus

203 2770 314 2838 patent.
345 2772 415 2824 sunt
437 2764 515 2823 enim
537 2764 589 2838 qui
615 2763 783 2835 fastidiant,
810 2763 952 2837 quicquid
976 2764 1106 2838 propius
1122 2763 1174 2822 ad-

202 2847 309 2907 ierunt.
342 2848 399 2907 scd
419 2863 476 2907 nec
496 2847 598 2909 virtuti
613 2847 781 2923 periculum
797 2853 859 2922 est,
885 2864 924 2906 ne
938 2848 1061 2907 admota
1076 2847 1175 2909 oculis

201 2930 377 3005 revilescat,
401 2939 431 2992 et
445 2933 541 2991 satius
557 2939 604 2991 θεῖ
619 2932 808 3005 simplicitate
827 2931 980 2991 contemni
997 2948 1089 3006 quam
1106 2946 1174 3006 pcr-

203 3024 295 3093 petua
304 3016 496 3076 simulatione
504 3016 648 3091 torqueri.
664 3016 787 3075 Modum
796 3024 895 3075 tamen
905 3015 948 3074 rei
957 3015 1174 3076 adhibeamus=

170 3112 188 3167 3
201 3101 328 3162 multum
343 3101 482 3171 interest,
498 3100 674 3174 simpliciter
688 3100 775 3160 vivas
791 3117 829 3159 an
845 3102 1050 3174 neglegenter.
1079 3099 1174 3159 Mul-

202 3191 276 3244 tum
291 3191 327 3244 et
341 3187 375 3244 in
395 3201 435 3244 se
450 3185 707 3244 recedendum
724 3193 798 3244 est:
815 3183 1007 3244 conversatio
1020 3182 1101 3242 enim
1113 3182 1175 3242 dis·

204 3267 344 3328 similium
359 3269 438 3328 bene
454 3269 623 3344 composito
638 3268 786 3329 disturbat
802 3277 832 3328 et
845 3274 972 3328 renovat
986 3268 1129 3327 adfectus
1147 3271 1176 3325 et

205 3352 351 3426 quicquid
372 3352 543 3413 inbecillum
559 3353 703 3412 inanimo
720 3369 775 3412 nec
792 3359 984 3426 percuratum
1000 3357 1063 3424 cst,
1091 3353 1177 3410 exul·

204 3442 298 3495 cerat.
329 3435 666 3497 Miscendatamcn
689 3435 1176 3506 istaetalternandasint,

205 3521 379 3580 solitudo
405 3526 440 3579 et
464 3520 702 3597 frequentia:
731 3521 781 3578 illa
799 3520 886 3580 nobis
908 3519 998 3579 faciet
1020 3519 1176 3579 hominum
