2438 3968
175 300 234 363 134
357 301 389 358 L.
409 299 557 384 ANNAEl
578 297 753 359 SENECAE
773 300 874 359 DlAL.
897 300 948 357 Vl.

172 456 278 534 uenire
292 454 384 514 hodie
400 460 496 528 potes,
514 453 601 512 cuius
618 470 667 513 res
683 461 743 512 tam
758 455 837 514 bene
854 455 973 529 positae
988 455 1146 514 fundatae-

174 556 235 614 que
250 539 341 612 [sint]‚
363 544 396 597 ut
412 537 484 596 nihil
502 537 543 596 illi
559 537 886 612 procedentitempore
900 537 1066 599 timendum
1090 539 1150 598 sit?

172 623 289 683 Labant
303 622 434 681 humana
456 637 493 680 ac
507 618 605 680 lluunt
627 637 728 695 neque
748 621 809 681 ulla
829 638 902 696 pars
921 622 1003 681 vitae
1023 628 1150 682 nostrae

174 715 234 767 tam
253 707 386 766 obnoxia
406 713 459 766 aut
479 713 582 764 tenera
603 712 651 764 est
671 721 762 778 quam
783 721 863 779 quae
885 705 1017 765 maxime
1040 706 1150 780 placet,

173 791 307 865 ideoque
329 788 514 850 felicissimis
530 790 665 862 optanda
683 804 766 848 mors
781 797 838 862 est,
860 788 932 864 quia
950 789 980 847 in
999 796 1083 848 tanta
1106 788 1149 846 in-

175 874 344 935 constantia
359 874 509 948 turbaque
525 888 627 933 rernm
649 871 723 932 nihil
743 871 802 931 nisi
817 874 900 948 quod
916 872 1070 947 praeteriit
1085 886 1150 931 cer·

142 965 236 1019 itum
253 964 309 1017 est.
339 955 411 1030 Quis
427 957 478 1017 tibi
494 956 602 1031 recipit
617 954 692 1016 illud
706 955 759 1014 filii
773 956 816 1016 tui
831 955 1066 1031 pulcherrimum
1082 971 1152 1015 cor·

176 1059 233 1118 pus
242 1049 273 1101 et
280 1056 396 1100 summa
407 1040 534 1115 pudoris
549 1035 688 1100 custodia
701 1039 778 1098 inter
792 1040 967 1100 luxuriosae
980 1037 1065 1098 urbis
1077 1054 1152 1098 ocu·

174 1128 221 1185 los
241 1129 455 1184 conservatum
480 1124 618 1198 potuisse
639 1133 668 1183 et
688 1123 813 1183 morbos
834 1122 875 1184 ita
896 1123 1037 1197 evadere,
1058 1129 1093 1182 ut
1112 1123 1152 1182 ad

175 1214 362 1269 senectutem
375 1207 522 1267 inlaesum
536 1208 682 1282 perferret
695 1208 812 1267 formae
827 1208 944 1267 decus?
965 1205 1071 1281 Cogita
1087 1208 1150 1265 ani·

175 1291 215 1352 mi
230 1292 312 1352 mille
325 1290 421 1351 labes.
449 1306 552 1365 neque
567 1291 645 1351 enim
659 1297 742 1351 recta
759 1290 880 1366 ingenia
895 1292 1014 1366 qualem
1030 1288 1060 1348 iu
1076 1289 1151 1349 adn-

175 1376 351 1437 leseentiam
366 1392 454 1451 spem
469 1375 515 1434 sui
531 1377 674 1448 fecerant,
690 1391 788 1449 usque
802 1373 833 1434 in
845 1380 1033 1435 senectutem
1048 1381 1150 1449 pertu-

176 1463 288 1534 lerunt,
310 1460 374 1520 sed'
387 1459 554 1520 interversa
574 1461 753 1534 plerumque
774 1466 858 1519 sunt:
887 1465 939 1520 aut
959 1474 1030 1519 sera
1050 1473 1152 1534 eoque

176 1543 296 1605 foedior
317 1543 437 1605 luxuria
456 1541 569 1604 invasit
589 1541 750 1618 coegitque
780 1543 984 1605 dehonestare
1005 1543 1152 1618 speciosa

177 1625 334 1703 principia.
351 1636 403 1687 aut
417 1628 447 1687 in
463 1627 609 1702 popinam
624 1635 820 1702 ventremque
832 1630 958 1702 proiecti
967 1627 1056 1705 [sunt]
1069 1643 1151 1687 sum·

176 1727 287 1786 maque
311 1710 369 1770 illis
392 1727 532 1771 curarum
553 1711 623 1784 luit,
652 1711 725 1786 quid
752 1719 871 1785 essent,
904 1710 977 1788 quid
1001 1710 1152 1772 biberent.

145 1793 273 1859 3Adice
288 1794 437 1868 incendia,
459 1795 574 1870 ruinas,
595 1796 753 1875 naulragia
772 1796 1036 1870 lacerationesque
1056 1796 1151 1855 medi·

179 1894 283 1938 corum
299 1893 374 1938 ossa
387 1879 466 1947 vivis
481 1879 644 1953 legentium
660 1888 690 1939 et
703 1888 782 1939 totas
797 1879 959 1940 inviscera
973 1896 1083 1940 nrauus
1099 1880 1150 1942 de-

178 1961 355 2020 mittentium
377 1970 407 2021 et
427 1978 487 2022 non
502 1980 562 2038 per
584 1964 751 2037 simplicem
773 1964 909 2023 dolorem
933 1963 1079 2039 pudenda
1101 1979 1148 2023 cu-

178 2045 316 2105 rantium.
348 2045 510 2120 posthaec
528 2047 648 2106 exilium
664 2062 780 2105 —non
795 2047 851 2106 luit
865 2047 1056 2108 innocentior
1070 2047 1150 2106 lilius

179 2138 249 2189 tuus
264 2145 354 2204 quam
366 2130 505 2203 Rutilius,
522 2145 790 2191 carcerem-non
804 2132 860 2191 luit
871 2131 1040 2206 sapientior
1060 2147 1151 2206 quam

156 2244 160 2252 ·
178 2213 338 2285 Socrates,
363 2214 534 2274 voluntario
555 2216 681 2275 volnere
705 2215 884 2275 transfixum
913 2221 1020 2291 pectus
1034 2231 1151 2275 —non

178 2298 233 2358 luit
246 2297 382 2357 sanctior
396 2315 486 2373 quam
502 2297 590 2360 Cato=
613 2314 680 2358 cum
696 2298 754 2357 ista
769 2299 975 2375 perspexeris,
997 2299 1080 2359 scies
1095 2315 1150 2374 op-

159 2382 248 2444 time
270 2398 337 2441 cum
359 2381 407 2443 his
429 2381 497 2456 agi,
510 2400 589 2458 quos
604 2391 727 2454 natura,
751 2383 821 2456 qnia
841 2383 910 2443 illos
929 2382 989 2442 hoc
1009 2381 1153 2443 manebat

177 2466 259 2525 vitae
270 2465 463 2546 stipendium,
480 2467 538 2549 cito
552 2467 581 2525 in
597 2472 691 2526 tutum
706 2467 830 2540 recepit.
865 2465 943 2527 Nihil
958 2474 1006 2527 est
1019 2473 1082 2526 tam
1097 2467 1151 2524 lal-

178 2551 230 2609 lax
245 2566 334 2624 quam
348 2549 412 2608 vita
425 2549 565 2622 humana,
580 2550 653 2610 uihil
667 2558 727 2610 tam
741 2548 939 2611 insidiosum:
957 2568 1017 2611 non
1034 2550 1151 2609 meher-

180 2633 264 2693 cules
285 2632 448 2707 quisquam
467 2633 546 2694 illam
568 2629 753 2709 accepisset,
775 2633 832 2694 nisi
854 2629 1152 2695 daretur‘inscienti·

178 2716 246 2775 bus.
270 2717 371 2790 itaque
384 2717 410 2776 si
427 2717 632 2778 felicissimum
644 2724 692 2777 est
707 2733 766 2776 non
781 2717 876 2793 nasci,
894 2717 1064 2794 proximum
1076 2724 1152 2794 puto

148 2804 165 2856 t
180 2797 264 2858 brevi
277 2805 374 2859 aetate
389 2801 550 2861 defunctos
566 2799 625 2860 cito
640 2800 670 2861 in
686 2802 834 2875 integrum
853 2803 979 2863 restitui.
1006 2802 1152 2876 Propone

180 2883 252 2942 illud
268 2883 497 2944 acerbissimum
512 2884 565 2945 tibi
576 2894 706 2961 tempus,
722 2902 783 2960 quo
795 2883 925 2947 Seianus
937 2892 1152 2962 patremtuum

179 2967 278 3026 clienti
294 2983 352 3027 suo
367 2967 466 3028 Satrio
483 2967 627 3029 Secundo
643 2969 829 3044 congiarium
846 2971 937 3031 dedit.
962 2968 1153 3030 irascebatur

74 3055 77 3062 '
178 3049 220 3108 illi
233 3050 272 3110 ob
287 3067 379 3111 unum
391 3060 442 3111 aut
450 3053 575 3112 alterum
588 3053 711 3114 liberius
719 3055 840 3126 dictum,
858 3053 1057 3129 quodtacitus
1073 3055 1153 3113 lerre

179 3149 239 3192 non
255 3141 394 3208 potuerat
408 3133 550 3195 Seianum
566 3137 595 3195 in
612 3139 746 3197 cervices
761 3146 882 3198 nostras
903 3153 942 3197 ne
955 3136 1064 3212 inponi
1086 3137 1153 3213 qui·

180 3216 258 3289 dem,
274 3218 329 3277 sed
351 3220 527 3280 escendere.
557 3221 777 3282 decernebatur
791 3220 834 3280 illi
850 3229 950 3282 statua
969 3220 1000 3281 in
1014 3220 1153 3296 Pompeii

180 3299 296 3360 theatro
313 3304 466 3377 ponenda,
485 3306 568 3379 qnod
584 3314 723 3365 exustum
736 3305 849 3365 Caesar
863 3305 1031 3366 reficiebat.
1049 3307 1153 3365 excla-

151 3382 276 3446 amavit
290 3384 407 3445 Cordus
428 3393 620 3448 tuncvere
641 3389 826 3448 theatrum
843 3391 981 3465 perire.
1010 3389 1090 3464 Quid
1105 3405 1153 3449 er-

181 3474 240 3540 got
267 3484 328 3527 non
340 3479 529 3544 rumperetur
544 3489 638 3546 snpra
656 3473 773 3532 cineres
789 3472 841 3531 Cn.
856 3473 993 3549 Pompeii
1009 3474 1153 3534 constitui

176 3549 320 3612 Seianum
337 3560 366 3614 et
380 3554 407 3613 in
420 3554 620 3616 monumentis
633 3557 754 3614 maximi
772 3556 962 3632 imperatoris
975 3556 1152 3620 consecrari
