2438 3968
159 220 211 279 an
235 217 528 279 catalonnum
549 217 642 276 vua
660 218 800 277 aaran.
820 226 870 280 ε-
882 227 923 300 n.
968 211 1028 280 147

63 389 153 448 quam
168 374 245 431 ultra
262 371 362 430 linem.
383 372 488 445 Itaque
504 386 596 444 erraS,
619 386 686 431 cum
702 371 880 447 interrogas,
903 373 975 448 quid
990 374 1031 434 sit
1045 392 1060 444 4

61 457 145 529 illud,
161 462 285 530 propter
298 454 380 529 quod
395 455 533 514 virtutem
549 461 665 530 petam:
683 456 804 528 quaeris
821 455 899 516 enim
915 457 1029 533 aliquid

61 555 155 614 supra
168 555 325 598 summum.
341 539 519 612 interrogas,
533 539 607 614 quid
619 544 717 613 petam
730 554 768 597 ex
780 539 910 600 virtute?
920 540 1028 615 ipsam.

62 623 134 682 nihil
150 622 228 681 enim
244 621 334 682 habet
345 621 461 691 melius,
481 621 549 696 ipsa
564 620 691 697 pretium
710 622 767 682 sui.
788 623 836 682 An
852 623 911 683 hoc
922 641 1029 698 parum

61 721 204 781 magnum
219 712 282 780 εει,
305 721 371 764 cnm
386 704 439 766 tibi
454 705 566 764 dicam:
587 722 736 766 summum
751 705 864 767 bonum
878 715 925 767 est
939 708 1029 768 inira·

61 790 130 865 gilis
145 787 237 849 animi
253 789 335 863 rigor
350 796 380 849 ει
396 788 584 862 providentia
604 797 634 848 ει
654 788 803 850 subtilitas
816 797 846 850 et
866 790 980 851 sanitas
1000 797 1031 850 et

61 874 185 935 libertas
203 879 233 932 et
246 869 412 932 concordia
427 881 457 932 et
476 872 590 934 decor?
608 873 721 946 aliquid
743 874 912 934 etiamnunc
933 874 1029 949 exigis

62 957 168 1030 maius
190 956 229 1016 ad
248 957 331 1032 quod
352 955 410 1015 ista
431 957 620 1017 referantur?
657 956 733 1030 Quid
754 958 1028 1033 mihivolnptatem

62 1041 221 1100 nominas?
242 1039 372 1100 hominis
385 1038 497 1099 bonum
515 1057 636 1116 quaero,
654 1056 713 1100 non
731 1041 852 1115 ventris
871 1042 921 1117 qui
937 1057 1029 1118 pecu·

62 1126 151 1185 dibus
164 1140 200 1185 ac
215 1123 314 1184 beluis
329 1123 426 1183 laxior
441 1131 497 1184 est.

122 1209 158 1268 X.
181 1206 390 1281 ,‚Dissimulas‚
405 1207 509 1282 inquit,
529 1208 601 1282 quid
619 1225 637 1268 a
654 1224 702 1267 me
722 1207 848 1268 dicatur.
872 1226 929 1285 ego
951 1210 1028 1269 enim
1046 1223 1060 1277 1

62 1308 141 1367 nego
158 1307 342 1366 quemqnam
357 1306 451 1366 posse
464 1292 596 1352 iucunde
612 1292 728 1366 vivere,
750 1292 808 1352 nisi
823 1292 911 1352 simul
932 1300 962 1353 et
976 1293 1029 1352 ho·

62 1383 149 1436 ueste
163 1376 245 1435 vivit.
268 1374 350 1450 quod
365 1391 426 1436 non
439 1382 540 1450 potest
555 1374 646 1436 mutis
663 1374 836 1450 contingere
851 1375 1030 1437 animalibus

62 1474 119 1519 nec
135 1459 247 1519 bonum
263 1475 350 1519 suum
368 1458 435 1518 cibo
456 1459 658 1519 metientibus.
687 1461 776 1533 clare,
800 1458 905 1535 inquit,
927 1476 964 1519 ac
977 1475 1030 1535 pa·

62 1547 121 1603 lam
135 1548 231 1602 testor
252 1542 330 1602 hanc
350 1542 456 1615 vitam,
478 1559 568 1618 quam
592 1559 649 1618 ego
671 1543 832 1603 iucundam
852 1559 948 1616 voco,
969 1560 1029 1605 non

63 1629 130 1688 sine
144 1625 263 1686 adiecta
276 1626 384 1686 virtute
399 1625 602 1700 contingere.“
635 1629 728 1702 Atqui
750 1627 818 1702 quis
832 1625 953 1702 ignorat
966 1628 1029 1704 ple·
1043 1634 1060 1687 a

63 1707 209 1770 nissimos
223 1725 294 1770 esse
308 1709 513 1785 voluptatibus
529 1708 639 1771 vestris
657 1709 852 1772 stultissimos
868 1717 1031 1787 quosque?

63 1802 93 1854 et
107 1793 271 1868 nequitiam
290 1793 448 1853 abundare
470 1793 610 1854 iucundis
629 1794 822 1870 animumque
843 1794 942 1871 ipsum
958 1803 1030 1869 [non

62 1882 188 1949 tantum]
205 1892 319 1951 genera
333 1877 497 1952 voluptatis
513 1893 607 1951 prava
619 1879 676 1938 obi
687 1879 780 1938 multa
795 1885 980 1954 suggerere?
1001 1880 1031 1938 in

63 1961 166 2036 primis
191 1960 381 2022 insolentiam
404 1968 433 2020 ει
457 1960 579 2021 nimiam
605 1961 842 2024 aestimationem
862 1963 907 2023 sni
935 1971 1030 2024 tumo-

62 2061 188 2119 remque
208 2046 319 2105 elatum
340 2060 433 2120 super
453 2053 570 2106 ceteros
590 2053 620 2105 et
637 2061 767 2107 amorem
788 2062 888 2107 rerum
908 2063 1031 2108 suarum

65 2145 188 2190 caecum
204 2136 234 2188 ει
248 2129 451 2203 inprovidum,
473 2128 598 2189 delicias
614 2127 736 2191 fluentis
752 2135 782 2190 et
797 2146 835 2191 ex
850 2131 979 2191 minimis
995 2146 1031 2190 ac

63 2212 229 2287 puerilibus
247 2213 350 2272 causis
372 2212 613 2284 exsultationem,
637 2212 696 2274 iam
718 2214 905 2274 dicacitatem
926 2231 962 2274 ac
981 2231 1031 2274 su·

64 2296 199 2370 perbiam
213 2295 403 2357 contumeliis
419 2296 610 2371 gaudentem,
626 2295 773 2358 desidiam
789 2296 1031 2358 dissolutionem·

65 2395 125 2454 que
148 2379 250 2454 segnis
275 2379 365 2439 animi
386 2379 594 2440 indormientis
622 2380 695 2440 sibi:
722 2382 798 2442 haec
818 2382 916 2441 omnia
936 2381 1063 2450 virtnsa

64 2461 187 2523 discutit
205 2469 235 2522 et
251 2479 353 2523 aurem
377 2462 514 2539 pervellit
536 2470 565 2522 ει
583 2464 755 2538 voluptates
776 2465 928 2536 aestimat,
949 2472 1031 2525 ante·

64 2561 155 2622 quam
170 2545 312 2620 admittat,
333 2563 390 2608 nec
405 2547 490 2626 [qua]
506 2547 532 2607 si
553 2547 701 2621 probavit,
721 2548 820 2623 magni
842 2549 954 2624 pendit,
976 2549 1032 2608 nti-

64 2643 124 2705 que
138 2628 218 2688 enim
232 2629 366 2704 admittit,
387 2646 444 2691 nec
457 2647 517 2691 usu
531 2645 643 2706 earum,
665 2631 721 2691 sed
736 2633 934 2706 temperantia
953 2634 1033 2695 laeta

63 2721 118 2774 est.
150 2714 347 2789 temperantia
367 2721 466 2774 autem
489 2729 557 2773 cum
577 2715 750 2789 voluptates
772 2716 898 2791 minuat,
924 2716 1032 2779 summi

62 2797 134 2858 boni
150 2794 259 2858 iniuria
281 2804 336 2856 est.
376 2799 418 2858 Tu
439 2798 623 2871 voluptatem
645 2798 856 2874 conplectens,
881 2816 938 2876 ego
960 2817 1032 2862 con·

64 2897 167 2957 pesco.
194 2888 226 2941 tu
242 2882 396 2955 voluptate
413 2880 530 2953 frueris,
552 2897 609 2956 ego
630 2890 708 2942 utor.
731 2889 763 2942 tu
782 2883 861 2943 illam
883 2900 1032 2945 summum

62 2967 176 3027 bonum
195 2972 293 3041 putas,
309 2980 366 3039 ego
383 2980 439 3024 nec
456 2964 578 3025 bonum.
600 2972 631 3028 tu
649 2965 749 3026 omnia
760 2967 925 3042 voluptatis
940 2983 1034 3029 causa

64 3047 148 3124 lacis,
164 3064 222 3124 ego
239 3049 320 3107 nihil.
756 3123 758 3127 .

125 3134 174 3194 Xl.
196 3134 268 3194 Cum
285 3132 353 3192 dico
371 3147 418 3190 me
434 3131 505 3191 nihil
517 3132 679 3206 voluptatis
692 3149 787 3193 causa
801 3135 911 3205 lacere,
927 3135 966 3194 de
982 3134 1032 3196 illo
1047 3146 1063 3200 1

62 3219 174 3292 loquor
188 3215 334 3291 sapiente,
356 3213 406 3276 cui
420 3213 479 3275 soli
495 3215 639 3276 concedis
653 3218 847 3292 voluptatem.
878 3235 938 3279 non
953 3234 1031 3281 voco

63 3309 162 3360 autem
177 3300 353 3374 sapientem,
371 3315 465 3374 supra
486 3314 575 3373 quem
592 3298 753 3374 quicquam
773 3308 828 3375 est,
850 3303 961 3362 nedum
978 3319 1033 3363 vo·

62 3386 177 3459 inpias:
200 3383 282 3458 atqui
298 3384 337 3444 ab
351 3384 409 3443 hac
429 3388 597 3457 occupatus
618 3384 772 3458 quomodo
794 3385 917 3469 resistet
935 3387 1032 3448 labori

62 3474 93 3528 et
103 3466 249 3543 periculo,
266 3467 392 3542 egestati
404 3473 435 3528 et
445 3473 489 3529 ιοι
499 3465 661 3526 humanam
674 3466 765 3528 vitam
780 3466 1033 3545 circumstrepen-

818 3551 875 3611 ro*
