2438 3968
355 86 366 124 Ι

155 251 208 310 ΑΙ)
223 249 407 311 MARCIAM
427 249 478 310 oli
501 248 800 310 CONSOLATIONE.
824 259 865 312 lo.
882 260 923 312 11.
971 249 1026 313 121

60 401 193 477 pectoris
210 399 447 475 dispensandae.
477 400 560 474 Quae
581 399 693 460 deinde
715 401 772 461 ista
785 418 860 462 suae
875 403 1030 478 publicae-

60 501 122 560 que
137 484 325 545 condicionis
345 484 458 544 oblivio
481 491 547 545 est?
574 483 710 544 Mortalis
732 492 801 544 nata
821 502 865 559 es,
886 489 1029 548 mortales

60 567 216 644 peperisti.
248 577 334 643 putre
356 567 425 642 ipso
437 567 624 641 fluidumque
639 583 753 642 corpus
774 576 804 629 et
824 571 927 630 causis
941 586 1029 646 repe·

60 653 114 714 tila
127 652 259 727 sperasti
278 659 338 712 iam
359 651 500 711 inbecilla
520 651 645 712 materia
663 653 762 741 solida
782 659 813 712 el
832 660 956 714 aelerna
977 669 1028 728 ge·

60 742 186 796 stassea
227 735 367 795 Decessit
380 734 461 795 filius
477 744 556 808 tuus,
577 736 685 808 idest,
701 736 874 797 decucurrit
894 738 933 796 ad
948 737 1057 798 hunca
1168 732 1170 734 ’

59 821 161 891 finem,
176 819 214 878 ad
231 835 321 892 quem
337 833 416 893 quae
431 817 565 879 feliciora
576 826 664 893 partu
680 827 731 879 tuo
747 827 838 894 putas
855 829 1028 895 properant.

59 905 120 964 huc
134 903 232 963 omnis
255 904 315 963 ista
335 918 414 978 quae
433 902 463 961 ln
485 904 551 964 foro
574 903 675 976 litigat,
696 903 724 961 in
747 903 868 965 theatris
884 906 1028 978 [desideri

59 988 88 1048 in
103 987 223 1062 templis
239 993 379 1062 precatur
391 986 479 1047 turba
492 985 607 1062 dispari
621 988 718 1060 gradu
734 988 823 1049 vadit.
846 995 876 1049 et
891 1004 970 1064 quae
985 989 1029 1048 di-

59 1072 127 1145 ligis
144 1069 322 1144 [veneraris]
339 1077 368 1130 et
389 1086 469 1144 quae
487 1070 631 1146 despicis
652 1087 730 1131 unus
745 1071 927 1147 exaequabit
943 1072 1028 1132 cinis.

57 1156 125 1215 Hoc
140 1152 281 1214 videlicet
294 1156 344 1213 illa
358 1153 492 1231 Pythicis
514 1155 644 1214 oraculis
666 1155 819 1230 adscripta
833 1155 957 1224 NOSCE
971 1157 1028 1215 ΤΕ.

60 1237 155 1312 Quid
180 1247 239 1298 est
264 1238 396 1298 homo?
425 1237 580 1313 quodlibet
601 1254 747 1312 quassum
768 1257 822 1299 vas
843 1248 873 1300 et
894 1240 1058 1314 quolibet3

59 1323 166 1396 fragile
180 1322 299 1381 iactatu.
330 1339 390 1382 non
406 1328 586 1397 tempestate
600 1337 718 1395 magna,
740 1328 772 1382 ut
791 1323 959 1397 dissiperis,
982 1331 1030 1384 est

60 1422 148 1480 opus.
178 1404 362 1481 ubicumque
376 1404 562 1478 arietaveris,
584 1406 723 1466 solveris.
754 1406 828 1480 quid
848 1413 896 1468 est
916 1407 1029 1467 homof

58 1488 232 1551 inbecillum
249 1504 362 1563 corpus
378 1496 407 1548 et
426 1490 540 1563 fragile,
555 1490 679 1561 nudum,
701 1497 809 1564 suapte
828 1497 933 1550 natura
950 1491 1027 1551 iner-

59 1589 117 1644 me,
133 1573 250 1632 alienae
262 1574 331 1648 opis
343 1572 492 1647 indigens,
509 1573 549 1633 ad
561 1573 659 1633 omnis
674 1575 812 1633 fortunae
830 1575 1028 1635 contumelias

59 1658 240 1733 proiectum,
256 1663 324 1717 cum
345 1657 423 1717 bene
444 1658 575 1717 lacertos
596 1656 739 1729 exercuit,
763 1657 926 1719 cuiuslibet
945 1658 1029 1718 ferae

61 1741 214 1816 pabulum,
231 1741 391 1801 cuiuslibet
398 1741 526 1812 victima,
542 1757 581 1799 ex
592 1739 719 1800 infirmis
731 1739 1032 1815 iluidisquecontex-·

61 1833 123 1884 tum
138 1833 168 1884 et
182 1824 370 1886 lineamentis
392 1823 593 1885 exterioribus
609 1824 743 1900 nitidum,
763 1824 893 1900 frigoris
915 1832 1028 1900 aestus,

60 1907 175 1968 laboris
190 1906 352 1983 inpatiens,
367 1908 436 1983 ipso
448 1923 556 1970 rursus
568 1909 627 1969 situ
637 1915 668 1969 et
681 1908 741 1970 otio
753 1909 862 1969 iturum
877 1910 907 1969 in
920 1909 1027 1983 tabem,

60 1990 201 2051 alimenta
216 2000 353 2053 metuens
367 2008 434 2064 sua,
450 2008 579 2067 quorum
593 1994 715 2053 modum
731 1995 773 2066 [in
783 1997 870 2069 copto
883 1995 1029 2054 excedens

58 2079 114 2147 vel]
130 2076 160 2134 in
175 2073 280 2150 inopia
292 2077 448 2152 rumpitur,
470 2075 579 2137 anxiae
593 2075 803 2153 sollicitaeque
823 2079 942 2150 tutelae,
959 2093 1027 2152 pre-

59 2158 133 2219 carii
148 2159 272 2235 spiritus
285 2168 315 2219 et
325 2162 403 2220 mele
414 2160 576 2220 haerentis.
606 2161 700 2235 *qua*
712 2168 830 2236 partum
836 2162 1057 2236 repentinumf

58 2244 178 2304 auditus
192 2243 348 2318 inproviso
363 2261 460 2305 sonus
475 2244 599 2305 auribus
614 2244 717 2319 gravis
732 2245 853 2305 excutit.
876 2246 934 2305 soli
949 2261 1027 2305 sem-

59 2339 119 2402 per
134 2327 193 2387 sibi
209 2327 418 2389 nutrimentum
431 2328 572 2388 vitiosnm
584 2337 614 2389 et
627 2328 739 2389 inutile.
767 2330 909 2389 miramur
923 2329 952 2387 in
969 2329 1027 2388 hoc

59 2417 197 2481 mortem,
219 2427 298 2486 quae
319 2413 409 2472 nnius
425 2412 572 2486 singultus
586 2429 665 2486 opus
687 2419 753 2472 est?
781 2411 926 2487 numquid
949 2412 1028 2472 enlm

59 2501 94 2555 ul
109 2494 259 2569 concidet,
273 2496 374 2572 magni
387 2512 438 2557 res
453 2496 615 2557 molimenti
630 2502 697 2556 eslf
728 2495 806 2557 odor
817 2496 858 2554 illi
873 2511 1029 2569 saporque

59 2585 90 2639 et
103 2578 253 2639 lassitudo
269 2586 299 2639 et
312 2578 414 2655 vigilia
424 2586 454 2639 et
466 2579 575 2640 humor
589 2587 619 2639 et
633 2580 718 2640 cibus
733 2586 764 2639 et
778 2577 844 2639 sine
860 2579 969 2654 quibus
985 2580 1028 2638 vi·

58 2678 200 2722 verenon
210 2670 318 2736 potest,
335 2664 487 2723 mortifera
502 2670 581 2723 sunt
610 2678 803 2738 quocumque
818 2662 953 2723 semovit
967 2671 1027 2724 sta·
1088 2725 1090 2729 ,

58 2747 112 2806 lim
125 2745 305 2807 infirmitatis
320 2763 396 2807 suae
417 2748 581 2821 conscium,
603 2764 663 2807 non
679 2762 769 2807 omne
784 2748 901 2806 coelum
917 2747 1027 2820 ferens,

58 2847 207 2905 aquarum
219 2829 402 2891 novitatibus
414 2829 549 2906 flatuque
560 2848 620 2892 non
632 2831 786 2892 familiaris
798 2846 891 2891 aurae
903 2837 932 2890 et
942 2837 1027 2892 tenu·
1134 2869 1135 2872 =

57 2914 172 2974 issimis
191 2914 293 2974 causis
307 2922 399 2989 alque
411 2914 632 2977 offensionibus
650 2914 828 2989 morbidum,
845 2921 941 2990 putre,
957 2931 1028 2975 cau·

57 2999 183 3071 sarium,
198 2997 272 3059 fletu
289 2998 380 3060 vitam
393 2998 593 3074 auspicatum,
615 3016 682 3059 cum
698 2997 815 3059 interim
831 3007 962 3073 quantos
983 3005 1028 3059 tu·

57 3083 169 3142 multus
184 3081 243 3142 lroc
265 3091 324 3143 tam
344 3090 548 3158 contemptum
570 3085 679 3143 animal
698 3088 820 3142 movetf
847 3081 877 3141 in
899 3089 1027 3157 quantas

58 3165 258 3240 cogitationes
274 3167 398 3228 oblitum
414 3168 602 3227 condicionis
618 3183 693 3228 suae
714 3167 817 3227 venit?
843 3166 1058 3238 inmortalia‚5

56 3251 305 3312 aeternavolutat
319 3252 418 3312 animo
432 3258 463 3311 et
476 3251 506 3311 in
521 3260 649 3326 nepotes
661 3257 912 3326 pronepotesque
923 3250 1027 3325 dispo·

57 3333 116 3405 nit,
139 3350 207 3394 oum
222 3334 339 3395 interim
360 3336 452 3411 longa
467 3343 626 3396 conantem
646 3351 716 3395 eum
734 3350 816 3395 mors
838 3334 981 3410 opprimit
1000 3342 1029 3394 et

57 3417 127 3492 hoc,
143 3418 226 3492 quod
242 3427 384 3481 senectus
400 3429 536 3493 vocatur,
551 3419 805 3494 paucissimorum
820 3419 963 3480 circuitus
975 3434 1026 3479 an-

57 3518 175 3563 norum.
