2438 3968
299 251 400 312 DIAL.
426 253 477 312 IV.
510 253 561 313 ul:
582 254 653 314 IRA
669 255 741 314 ΗΒ.
763 256 799 314 11.
818 264 914 320 l-t.
1057 255 1096 319 57

116 409 152 461 tu
169 401 322 476 superbo,
346 402 434 476 quasi
453 403 646 476 magnificum
669 404 812 477 quiddam
834 406 1096 480 conspiciendum-

118 500 180 559 que
192 484 330 557 fecisset,
345 501 455 561 graece
470 488 682 561 proclamavit:
698 504 788 548 orem
803 487 936 562 repam!
956 488 1033 562 Quid
1047 491 1097 551 hic

116 583 174 627 rex
189 568 335 711 igolimett
354 569 419 628 Non
442 570 497 630 luit
518 569 595 630 haec
615 571 673 641 ira,
691 572 747 631 sed
762 573 859 630 maius
875 574 984 632 malum
1000 580 1030 634 et
1049 576 1092 634 in-

117 667 195 712 sana
218 668 265 711 re.

179 735 230 793 Vl.
258 735 399 810 „Virtus,
421 738 533 812 inquit,
555 745 589 798 ut
608 736 747 798 honestis
768 738 860 798 rebus
882 739 1015 814 propitia
1036 751 1120 812 estt

116 821 158 879 ita
179 820 319 895 turpibus
341 821 416 881 irata
439 837 510 883 esse
530 821 651 882 debet.“
674 820 752 894 Quid
774 822 800 881 si
823 821 940 883 dicatur
953 823 1093 885 virtutem

115 910 147 962 et
167 902 309 963 humilem
329 912 359 964 et
377 920 516 979 magnam
531 921 603 966 esse
618 905 753 965 deberet
770 907 854 979 atqui
868 906 927 967 hoc
942 907 1022 978 dicit,
1041 907 1093 984 qui

116 986 198 1045 illam
214 985 316 1046 extolli
331 988 396 1047 vult
410 997 440 1048 et
454 989 597 1065 deprimi,
613 988 757 1064 quoniam
772 988 884 1050 laetitia
899 992 938 1052 ob
953 997 1035 1050 recte
1050 993 1062 1049 1
1081 1023 1092 1032 -

116 1078 197 1129 ctum
219 1073 301 1130 clara
320 1071 544 1148 magnificaque
564 1081 624 1144 est,
653 1074 697 1132 ira
717 1075 756 1133 ob
777 1075 908 1134 alienum
934 1082 1092 1150 peccatum

115 1155 243 1213 sordida
263 1162 294 1215 et
313 1155 432 1229 angusti
454 1155 587 1231 pectoris
608 1165 664 1218 est.
695 1173 751 1217 nec
772 1175 914 1232 umquam
930 1159 1123 1219 committctt

113 1239 226 1309 virtuS,
243 1246 275 1297 ut
288 1237 375 1312 vitia,
392 1240 463 1299 dum
479 1241 650 1314 conpescit,
673 1241 817 1301 imitetur:
838 1242 937 1317 ipsam
951 1245 1026 1302 iram
1042 1260 1090 1302 ca·

115 1322 286 1395 stigandam
312 1323 417 1397 habet,
444 1340 523 1399 quae
547 1325 639 1384 nihilo
665 1324 771 1383 melior
797 1333 858 1397 est,
883 1341 977 1400 saepe
1002 1327 1089 1385 etiam

114 1406 203 1480 peior
225 1406 272 1465 his
294 1407 427 1477 delictis,
450 1408 561 1482 quibus
583 1409 732 1467 irascitur.
766 1408 905 1467 Gaudere
927 1409 1091 1484 laetarique

115 1488 272 1564 proprium
288 1498 318 1550 et
332 1491 467 1549 naturale
481 1490 597 1550 virtutis
612 1498 673 1550 est=
696 1492 786 1550 irasci
802 1506 861 1549 non
882 1499 981 1551 estex
995 1493 1090 1566 digni-

114 1580 176 1633 tate
191 1573 272 1646 eius,
292 1590 353 1633 non
368 1575 464 1648 magis
481 1591 571 1648 quam
587 1589 732 1634 moerere.
753 1575 838 1649 atqui
852 1574 1026 1634 iracundiae
1041 1577 1090 1635 tri-

114 1655 197 1716 stitia
211 1672 314 1716 comes
329 1662 417 1716 estet
430 1658 460 1715 in
475 1656 554 1717 hanc
566 1658 663 1718 omnis
676 1655 721 1716 ira
731 1659 781 1717 vel
793 1665 864 1733 post
876 1658 1089 1732 poenitentiam

113 1741 163 1799 vel
180 1747 252 1815 post
265 1741 419 1815 repulsam
433 1740 606 1800 revolvitur.
634 1742 672 1801 Et
691 1742 717 1800 si
732 1742 878 1816 sapientis
894 1750 941 1801 est
955 1741 1119 1817 peccatis3

114 1824 221 1896 irasci,
244 1825 340 1898 magis
361 1825 509 1884 irascetur
522 1824 688 1884 maioribus
704 1834 734 1885 et
748 1840 842 1900 saepe
857 1825 1019 1886 irascetur:
1040 1842 1088 1886 sc·

91 1925 94 1931 ·
115 1908 230 1981 quitur,
252 1915 285 1968 ut
304 1925 364 1968 non
386 1915 500 1968 tantum
518 1910 612 1969 iratus
627 1908 667 1968 sit
680 1909 821 1983 sapiens,
842 1909 897 1967 sed
913 1909 1088 1970 iracundus.

113 1993 197 2065 atqui
218 1991 244 2051 si
266 2007 323 2051 nec
338 2008 475 2068 magnam
498 1993 572 2051 iram
595 2008 652 2052 uec
672 1994 858 2067 frequentem
880 1993 909 2051 in
924 1993 1025 2052 animo
1040 2010 1088 2052 sa·

113 2076 223 2150 pientis
245 2076 346 2136 locum
367 2076 480 2136 habere
495 2076 663 2148 credimus,
686 2076 759 2150 quid
780 2084 841 2148 est,
863 2090 958 2151 quare
973 2093 1033 2136 non
1050 2092 1088 2135 ex

108 2166 175 2219 'toto
191 2159 273 2220 illum
288 2160 346 2219 hoc
362 2160 483 2219 adiectu
498 2159 683 2220 liberemust
697 2161 805 2220 modus
822 2160 924 2232 [enim]
941 2175 1012 2220 esse
1026 2173 1117 2226 nona

112 2249 226 2317 potest,
249 2243 275 2301 si
298 2260 351 2318 pro
375 2245 454 2304 lacto
476 2244 626 2318 cuiusque
646 2244 840 2304 irascendum
859 2250 916 2302 est.
949 2260 1017 2302 nam
1038 2253 1089 2305 aut

111 2327 234 2402 iniquus
256 2327 326 2400 erit,
348 2329 373 2386 si
388 2327 556 2403 {loqualiter
570 2329 717 2387 irascetur
731 2325 849 2387 delictis
865 2327 1085 2399 inaequalibus,

112 2417 163 2469 aut
177 2409 443 2483 iracundissimus,
466 2411 492 2471 si
514 2410 623 2471 totiens
644 2411 840 2470 excanduerit
854 2410 996 2486 quotiens
1012 2409 1087 2469 iram

111 2494 229 2554 scelera
243 2495 414 2554 meruerint.

172 2577 237 2635 Vll.
265 2577 302 2638 lu
324 2579 396 2653 quid
423 2577 576 2652 indignius
599 2594 689 2652 quam
708 2577 854 2651 sapientis
876 2578 1028 2637 adlectum
1048 2591 1110 2641 exr

108 2659 209 2736 aliena
235 2663 369 2737 pendere
394 2661 551 2736 nequitia?
574 2662 694 2722 desinet
718 2660 768 2719 ille
794 2661 962 2733 [Socrates]
992 2675 1087 2734 posse

109 2745 250 2805 cumdem
270 2747 384 2805 voltum
408 2746 531 2805 domum
551 2745 679 2815 referre,
704 2760 794 2817 quem
815 2744 906 2804 domo
929 2745 1085 2804 extulerat.

109 2827 192 2903 atqui
213 2830 239 2888 si
260 2828 352 2889 irasci
373 2828 498 2903 sapiens
519 2830 645 2902 turpiter
666 2824 754 2887 lactis
777 2828 869 2886 debet
888 2834 918 2887 et
940 2827 1085 2888 concitari

108 2912 342 2988 contristarique
357 2913 396 2972 ob
411 2915 537 2984 scelera,
555 2912 627 2970 nihil
642 2919 689 2971 est
703 2912 915 2971 aerumnosius
931 2912 1084 2985 sapiente:

108 2995 208 3057 omnis
232 2997 273 3056 illi
300 3012 354 3072 per
379 2996 566 3056 iracundiam
592 3011 825 3070 moeroremque
851 2994 913 3055 vita
937 2993 1083 3054 transibit.

108 3083 193 3158 quod
213 3081 293 3141 enim
312 3087 495 3141 momentum
510 3081 579 3152 erit,
601 3096 661 3152 quo
676 3096 736 3139 non
758 3079 950 3153 inprobanda
964 3078 1113 3137 videatta

107 3167 248 3242 quotiens
264 3165 449 3240 processerit
463 3165 570 3236 domo,
594 3178 648 3239 per
663 3163 831 3223 sceleratos
851 3163 891 3223 illi
911 3177 1084 3237 avarosque

106 3260 136 3310 et
156 3251 305 3328 prodigos
326 3256 356 3310 et
375 3249 550 3325 inpudentis
572 3256 602 3308 et
622 3247 660 3306 ob
681 3248 739 3307 ista
761 3248 865 3308 felices
881 3246 1083 3307 incedendum

104 3334 171 3396 erit.
203 3350 355 3409 nusquam
377 3332 457 3392 oculi
480 3334 545 3392 eius
568 3331 741 3404 flectentur,
768 3340 880 3394 utnon
903 3331 984 3405 quod
1006 3329 1082 3389 indi-

104 3427 236 3494 gnentur
253 3416 416 3477 inveniant.
444 3416 579 3487 deliciet,
600 3415 627 3474 si
643 3416 752 3476 totiens
768 3432 786 3475 a
801 3433 835 3476 se
850 3416 923 3474 iram
941 3415 1081 3488 quotiens

103 3518 199 3563 carisa
220 3509 341 3577 poscet,
362 3501 504 3574 exegerit.
538 3499 621 3559 Haec
642 3506 686 3559 tot
705 3500 784 3559 milia
806 3501 844 3559 ad
867 3501 964 3560 lorum
985 3497 1109 3574 primas
