2438 3968
130 251 194 315 270
416 253 450 311 L.
471 252 617 312 ANNAEI
638 251 812 312 SENECAE

130 410 203 462 illum
222 409 382 476 adfoemeJ.
415 404 522 478 ltaque
540 419 579 461 ue
599 404 705 463 videar
723 402 754 462 in
776 417 960 477 personam,
984 420 1047 463 non
1072 403 1103 463 in

130 505 195 548 rem
210 488 312 548 dicere
332 487 526 560 sententiam,
549 503 676 560 censeo,
696 501 735 545 ne
750 487 818 561 quis
833 485 1004 560 posthunc
1019 488 1101 548 diem

132 574 208 632 deus
228 572 282 633 fiat
300 587 340 630 ex
360 570 424 644 his,
449 569 500 645 qui
514 562 659 650 ἀρούρης
674 562 970 647 mandatricem,
992 580 1047 631 aut
1061 587 1101 630 ex

130 655 193 729 his,
214 672 293 731 quos
308 656 361 715 alit
374 651 524 731 ζείδωρος
533 647 670 732 ἄρουρα.
704 652 761 727 oui
776 661 881 715 contra
896 653 957 714 hoc
972 664 1100 717 senatus

131 740 302 800 consultum
322 739 400 799 deus
421 739 533 809 factm,
564 738 820 813 dictuspictusve
842 737 913 810 erit,
939 753 1011 797 eum
1027 739 1100 798 dedi

130 824 223 884 larvis
242 829 274 882 et
290 823 430 897 proximo
451 837 574 881 munere
592 820 670 881 inter
688 838 787 882 novos
801 829 977 881 auctoratos
993 823 1098 882 ferulis

102 908 276 980 4vapulare
289 906 417 980 placet“
437 905 596 966 Proximus
607 905 806 980 interrogatur
817 904 996 966 sententiam
1010 905 1098 966 Dies-

132 990 225 1066 piter,
251 990 346 1049 Vicae
366 989 460 1050 Potae
480 988 575 1063 filius,
601 997 631 1048 et
650 988 718 1063 ipse
732 988 908 1063 designatus
925 989 996 1049 Cos.
1012 1006 1098 1048 num-

132 1072 318 1133 mulariolus.
339 1072 398 1131 hoc
410 1080 540 1147 quaestu
551 1089 585 1132 se
595 1073 770 1145 sustinebat,
783 1072 916 1132 vendere
925 1072 1097 1132 civitatulas

132 1157 260 1218 solebat.
294 1155 344 1215 Ad
363 1156 443 1216 hunc
463 1156 542 1215 belle
562 1157 693 1216 accessit
711 1157 857 1216 Hercules
877 1163 908 1216 et
928 1156 1098 1216 auriculam

104 1242 173 1312 5ittl
186 1241 288 1316 tetigit
311 1247 416 1301 censet
430 1235 533 1316 itaquc'
546 1240 575 1298 in
587 1239 663 1301 hacc
673 1240 782 1300 verba:
805 1241 897 1312 „Cum
911 1240 1002 1300 divus
1010 1240 1097 1299 Clau-

132 1325 201 1386 dius
221 1333 252 1384 et
271 1324 374 1384 divum
396 1327 567 1399 Augustum
587 1325 735 1398 sanguine
756 1325 910 1398 contingat
921 1339 980 1382 nec
996 1325 1097 1383 minus

132 1410 233 1470 divam
251 1410 437 1483 Augustam,
464 1408 561 1467 aviam
582 1423 685 1480 suam,
713 1424 802 1483 quam
823 1408 891 1482 ipse
913 1406 1005 1467 deam
1024 1421 1096 1467 esse

130 1492 233 1567 iussit,
255 1494 407 1566 longeque
427 1507 533 1551 omnes
548 1494 688 1552 mortales
703 1493 850 1566 sapientia
864 1493 1026 1551 antecellat
1044 1492 1096 1551 sit·

132 1595 192 1652 que
207 1575 392 1652 erepublica
408 1591 479 1635 esse
494 1576 639 1649 aliquem,
661 1576 710 1651 qui
726 1592 794 1635 cum
808 1575 937 1634 Romulo
954 1576 1057 1648 possit

421 1660 570 1734 feruentia
582 1678 660 1735 rapa
672 1677 792 1720 vorare:

131 1760 259 1817 censeo,
274 1752 308 1804 ut
318 1744 406 1804 divus
419 1744 561 1804 Claudius
576 1759 615 1802 ex
627 1743 685 1802 hac
697 1743 746 1802 die
757 1742 833 1802 deus
845 1743 897 1816 sit,
918 1742 960 1801 ita
972 1742 1014 1802 uti
1026 1749 1096 1801 ante

131 1844 198 1888 eum
212 1828 281 1902 quis
293 1827 407 1902 optimo
419 1829 484 1886 iure
497 1828 593 1886 lactus
604 1828 655 1899 sit,
670 1842 797 1900 eamque
808 1841 871 1885 rem
883 1826 921 1885 ad
934 1834 1098 1885 metamor-

102 1911 238 1986 6phosis
260 1910 358 1970 Ovidii
379 1911 597 1971 adiciendam.“
634 1911 745 1969 Variae
766 1916 851 1968 erant
877 1910 1048 1968 sententiae
1069 1917 1098 1967 et

133 1993 292 2053 videbatur
311 1994 453 2054 Claudius
475 1994 651 2054 sententiam
671 1993 802 2054 vincere.
838 1992 986 2052 Hercules
1007 1993 1097 2064 enim,

133 2078 186 2153 qui
205 2078 322 2138 videret
343 2079 453 2137 serrum
474 2094 563 2138 suum
584 2079 612 2137 in
629 2079 697 2152 igne
712 2092 797 2148 esse,
820 2077 911 2136 modo
927 2076 987 2137 huc
1002 2077 1097 2135 modo

131 2163 203 2224 illuc
223 2161 365 2222 cursabat
385 2169 415 2221 et
435 2161 549 2222 aiebat:
584 2162 670 2235 „Noli
689 2162 760 2221 mihi
781 2159 932 2232 invidere,
958 2176 1027 2219 mea
1046 2175 1097 2219 res

132 2248 239 2322 agitur.
262 2245 371 2306 deinde
380 2254 413 2306 tu
425 2245 452 2306 si
463 2245 537 2320 quid
549 2246 691 2321 volueris,
706 2245 834 2305 invicem
846 2243 970 2303 faciam:
986 2259 1097 2303 manus

131 2348 252 2391 manum
269 2332 379 2391 lavat.“

104 2429 120 2481 1
193 2416 228 2474 X.
257 2414 341 2474 Tunc
366 2412 456 2474 divus
476 2416 634 2488 Augustus
660 2413 790 2472 surrexit
813 2412 980 2472 sententiae
1003 2427 1097 2471 causo

131 2503 200 2560 loco
216 2499 362 2558 dicendae
374 2504 404 2557 et
417 2514 533 2557 summa
546 2500 685 2558 facundia
697 2497 852 2557 disseruit:
872 2495 972 2570 „Ego,
989 2495 1096 2568 inquit,

131 2583 163 2644 P.
172 2584 213 2655 0.,
229 2599 286 2642 vos
299 2588 393 2641 testes
408 2581 521 2656 haben,
542 2598 582 2641 ex
596 2598 655 2657 quo
672 2582 749 2642 deus
764 2581 861 2640 lactus
877 2595 958 2652 sum,
980 2580 1096 2638 nullum

132 2685 181 2728 me
194 2666 320 2726 verbum
337 2664 458 2725 iecisse.
486 2681 608 2740 semper
622 2681 721 2725 meum
734 2665 885 2738 negotium
900 2677 968 2737 ago.
990 2667 1020 2720 et
1033 2677 1094 2721 non

133 2767 260 2826 possum
273 2749 402 2823 amplius
415 2750 605 2809 dissimulare
617 2758 646 2809 et
657 2750 807 2822 dolorem,
823 2763 912 2822 quem
923 2746 1097 2821 graviorem

105 2835 233 2909 npudor
253 2833 337 2907 iacit,
357 2834 520 2894 continere.
551 2835 584 2893 ln
600 2834 659 2892 hoc
673 2841 752 2893 terra
767 2833 902 2906 marique
919 2845 1025 2906 pacem
1041 2844 1095 2902 pe·

132 2919 220 2994 perit
246 2917 315 2977 ideo
337 2916 436 2977 civilia
449 2918 528 2978 bella
543 2917 728 2992 conpescuit
750 2917 819 2976 ideo
835 2915 972 2990 „legibus
988 2911 1096 2975 urbem

133 2999 293 3075 fundavi,“
308 3000 452 3077 operibus
467 3002 588 3072 ornavi,
604 3009 636 3061 ut
647 3035 691 3046 —
705 3001 777 3076 quid
792 3001 903 3073 dicam,
925 3000 957 3057 P.
972 2999 1014 3071 0.,
1033 3012 1095 3054 non

132 3085 269 3147 invenio:
298 3085 398 3148 omnia
417 3084 494 3144 inira
514 3084 747 3160 indignationem
768 3086 862 3144 verba
879 3091 958 3144 sunt.
989 3081 1096 3142 conlu-

132 3171 274 3244 giendum
295 3176 342 3230 est
357 3171 459 3245 itaque
475 3175 505 3242 [a
518 3171 577 3248 me]
593 3170 632 3228 ad
644 3170 795 3230 Messalae
811 3167 931 3228 Corvini
947 3165 1095 3240 [disertis-

105 3252 200 3314 3simi
214 3254 282 3327 viri]
298 3256 378 3314 illam
393 3255 586 3316 sententiam:
603 3257 696 3328 podet
709 3257 832 3329 imperit.
853 3254 924 3322 Hic,
940 3252 971 3309 P.
986 3251 1028 3323 c.,
1044 3248 1096 3322 qui

132 3335 221 3396 vobis
234 3355 294 3397 non
312 3355 405 3412 posse
421 3339 539 3398 videtur
552 3354 686 3396 muscam
703 3339 848 3410 excitare,
868 3344 929 3396 tam
940 3335 1029 3393 facile
1040 3332 1095 3390 ho-

133 3419 230 3479 mines
244 3421 404 3481 occidebat
418 3439 506 3497 quarn
522 3423 606 3482 canis
621 3422 740 3482 excidit.
765 3420 826 3481 Sed
842 3420 914 3495 quid
930 3433 987 3492 ego
1002 3418 1040 3476 de
1051 3423 1097 3476 tot

133 3520 169 3563 ac
183 3502 293 3564 talibus
308 3503 380 3564 viris
396 3506 514 3565 dicanit
535 3524 595 3565 non
610 3513 699 3566 vacat
712 3505 826 3565 deflere
841 3503 977 3579 publicas
989 3500 1094 3562 clades
