<?xml version="1.0" encoding="UTF-8"?>
<!DOCTYPE html PUBLIC "-//W3C//DTD XHTML 1.0 Transitional//EN"
    "http://www.w3.org/TR/xhtml1/DTD/xhtml1-transitional.dtd">
<html xmlns="http://www.w3.org/1999/xhtml" xml:lang="en" lang="en">
 <head>
  <title>
</title>
<meta http-equiv="Content-Type" content="text/html;charset=utf-8" />
  <meta name='ocr-system' content='tesseract 3.04.00' />
  <meta name='ocr-capabilities' content='ocr_page ocr_carea ocr_par ocr_line ocrx_word'/>
</head>
<body>
  <div class='ocr_page' id='page_1' title='image "./lannaeisenecaeo05senegoog_0123.png"; bbox 0 0 2438 3968; ppageno 0'>
   <div class='ocr_carea' id='block_1_1' title="bbox 199 233 880 297">
    <p class='ocr_par' dir='ltr' id='par_1_1' title="bbox 199 233 880 297">
     <span class='ocr_line' id='line_1_1' title="bbox 199 233 880 297; baseline -0.006 0"><span class='ocrx_word' id='word_1_1' title='bbox 199 234 260 297; x_wconf 76' lang='lat'>108</span> <span class='ocrx_word' id='word_1_2' title='bbox 484 235 516 294; x_wconf 91' lang='lat' dir='ltr'>L.</span> <span class='ocrx_word' id='word_1_3' title='bbox 539 234 685 294; x_wconf 75' lang='lat' dir='ltr'><strong>ANNAEI</strong></span> <span class='ocrx_word' id='word_1_4' title='bbox 707 233 880 294; x_wconf 83' lang='lat' dir='ltr'><strong>SENECAE</strong></span> 
     </span>
    </p>
   </div>
   <div class='ocr_carea' id='block_1_2' title="bbox 164 384 1215 3561">
    <p class='ocr_par' dir='ltr' id='par_1_2' title="bbox 198 384 1176 544">
     <span class='ocr_line' id='line_1_2' title="bbox 198 384 1176 468; baseline 0.004 -20"><span class='ocrx_word' id='word_1_5' title='bbox 198 387 226 449; x_wconf 92' lang='lat' dir='ltr'>si</span> <span class='ocrx_word' id='word_1_6' title='bbox 240 387 396 447; x_wconf 84' lang='lat' dir='ltr'>derideres</span> <span class='ocrx_word' id='word_1_7' title='bbox 411 386 544 445; x_wconf 90' lang='lat' dir='ltr'>carmina</span> <span class='ocrx_word' id='word_1_8' title='bbox 559 385 634 457; x_wconf 91' lang='lat' dir='ltr'>eius,</span> <span class='ocrx_word' id='word_1_9' title='bbox 660 386 797 444; x_wconf 90' lang='lat' dir='ltr'>inimicus</span> <span class='ocrx_word' id='word_1_10' title='bbox 813 392 905 446; x_wconf 90' lang='lat' dir='ltr'>esset.</span> <span class='ocrx_word' id='word_1_11' title='bbox 950 384 997 445; x_wconf 88' lang='lat' dir='ltr'>vis</span> <span class='ocrx_word' id='word_1_12' title='bbox 1020 392 1059 448; x_wconf 91' lang='lat' dir='ltr'>tu</span> <span class='ocrx_word' id='word_1_13' title='bbox 1081 404 1176 468; x_wconf 83' lang='lat' dir='ltr'>aequo</span> 
     </span>
     <span class='ocr_line' id='line_1_3' title="bbox 198 468 758 544; baseline -0.009 -14"><span class='ocrx_word' id='word_1_14' title='bbox 198 473 299 531; x_wconf 91' lang='lat' dir='ltr'>animo</span> <span class='ocrx_word' id='word_1_15' title='bbox 321 468 382 544; x_wconf 89' lang='lat' dir='ltr'>pati</span> <span class='ocrx_word' id='word_1_16' title='bbox 398 469 576 529; x_wconf 88' lang='lat' dir='ltr'>candidatus</span> <span class='ocrx_word' id='word_1_17' title='bbox 592 468 758 542; x_wconf 73' lang='lat' dir='ltr'>suffragini</span> 
     </span>
    </p>

    <p class='ocr_par' dir='ltr' id='par_1_3' title="bbox 168 550 1177 884">
     <span class='ocr_line' id='line_1_4' title="bbox 168 550 1177 633; baseline 0.005 -20"><span class='ocrx_word' id='word_1_18' title='bbox 168 578 181 630; x_wconf 95' lang='lat' dir='ltr'>l</span> <span class='ocrx_word' id='word_1_19' title='bbox 267 553 428 614; x_wconf 93' lang='lat' dir='ltr'>XXXVllI.</span> <span class='ocrx_word' id='word_1_20' title='bbox 459 552 672 612; x_wconf 86' lang='lat' dir='ltr'>Contumeliam</span> <span class='ocrx_word' id='word_1_21' title='bbox 694 551 747 610; x_wconf 89' lang='lat' dir='ltr'>tibi</span> <span class='ocrx_word' id='word_1_22' title='bbox 768 552 839 611; x_wconf 88' lang='lat' dir='ltr'>lecit</span> <span class='ocrx_word' id='word_1_23' title='bbox 858 550 988 626; x_wconf 75' lang='lat' dir='ltr'>aliquis:</span> <span class='ocrx_word' id='word_1_24' title='bbox 1028 557 1177 633; x_wconf 88' lang='lat' dir='ltr'>numquid</span> 
     </span>
     <span class='ocr_line' id='line_1_5' title="bbox 198 633 1177 713; baseline 0.006 -18"><span class='ocrx_word' id='word_1_25' title='bbox 198 638 342 698; x_wconf 90' lang='lat' dir='ltr'>maiorem</span> <span class='ocrx_word' id='word_1_26' title='bbox 363 654 454 713; x_wconf 89' lang='lat' dir='ltr'>quam</span> <span class='ocrx_word' id='word_1_27' title='bbox 474 637 602 711; x_wconf 84' lang='lat' dir='ltr'>Diogeni</span> <span class='ocrx_word' id='word_1_28' title='bbox 624 635 806 710; x_wconf 90' lang='lat' dir='ltr'>philosopho</span> <span class='ocrx_word' id='word_1_29' title='bbox 829 633 958 696; x_wconf 72' lang='lat' dir='ltr'>Stoico?</span> <span class='ocrx_word' id='word_1_30' title='bbox 993 639 1052 698; x_wconf 89' lang='lat' dir='ltr'>cui</span> <span class='ocrx_word' id='word_1_31' title='bbox 1078 641 1119 700; x_wconf 91' lang='lat' dir='ltr'>de</span> <span class='ocrx_word' id='word_1_32' title='bbox 1137 641 1177 700; x_wconf 82' lang='lat' dir='ltr'>ira</span> 
     </span>
     <span class='ocr_line' id='line_1_6' title="bbox 199 721 1176 798; baseline 0.006 -18"><span class='ocrx_word' id='word_1_33' title='bbox 199 737 267 782; x_wconf 89' lang='lat' dir='ltr'>cum</span> <span class='ocrx_word' id='word_1_34' title='bbox 281 722 411 782; x_wconf 84' lang='lat' dir='ltr'>maxime</span> <span class='ocrx_word' id='word_1_35' title='bbox 426 721 587 781; x_wconf 84' lang='lat' dir='ltr'>disserenti</span> <span class='ocrx_word' id='word_1_36' title='bbox 599 721 781 779; x_wconf 82' lang='lat' dir='ltr'>adulescens</span> <span class='ocrx_word' id='word_1_37' title='bbox 796 726 961 793; x_wconf 89' lang='lat' dir='ltr'>protervus</span> <span class='ocrx_word' id='word_1_38' title='bbox 975 721 1113 798; x_wconf 88' lang='lat' dir='ltr'>inspuit.</span> <span class='ocrx_word' id='word_1_39' title='bbox 1135 731 1176 786; x_wconf 90' lang='lat' dir='ltr'>tu·</span> 
     </span>
     <span class='ocr_line' id='line_1_7' title="bbox 198 803 1175 884; baseline 0.007 -21"><span class='ocrx_word' id='word_1_40' title='bbox 198 806 231 865; x_wconf 87' lang='lat' dir='ltr'>lrt</span> <span class='ocrx_word' id='word_1_41' title='bbox 244 806 304 865; x_wconf 91' lang='lat' dir='ltr'>hoc</span> <span class='ocrx_word' id='word_1_42' title='bbox 318 807 368 865; x_wconf 83' lang='lat' dir='ltr'>rlle</span> <span class='ocrx_word' id='word_1_43' title='bbox 383 805 491 864; x_wconf 91' lang='lat' dir='ltr'>leniter</span> <span class='ocrx_word' id='word_1_44' title='bbox 505 812 534 863; x_wconf 90' lang='lat' dir='ltr'>et</span> <span class='ocrx_word' id='word_1_45' title='bbox 548 804 710 878; x_wconf 80' lang='lat' dir='ltr'>sapienter.</span> <span class='ocrx_word' id='word_1_46' title='bbox 742 819 823 877; x_wconf 92' lang='lat' dir='ltr'>„non</span> <span class='ocrx_word' id='word_1_47' title='bbox 841 803 975 877; x_wconf 89' lang='lat' dir='ltr'>quidem,</span> <span class='ocrx_word' id='word_1_48' title='bbox 989 806 1109 884; x_wconf 88' lang='lat' dir='ltr'>inquit,</span> <span class='ocrx_word' id='word_1_49' title='bbox 1123 808 1175 868; x_wconf 82' lang='lat' dir='ltr'>ira·</span> 
     </span>
    </p>

    <p class='ocr_par' dir='ltr' id='par_1_4' title="bbox 166 887 1177 1381">
     <span class='ocr_line' id='line_1_8' title="bbox 166 887 1177 962; baseline 0.004 -12"><span class='ocrx_word' id='word_1_50' title='bbox 166 898 277 962; x_wconf 70' lang='lat' dir='ltr'>aecor,</span> <span class='ocrx_word' id='word_1_51' title='bbox 293 890 350 948; x_wconf 92' lang='lat' dir='ltr'>sed</span> <span class='ocrx_word' id='word_1_52' title='bbox 363 889 467 948; x_wconf 88' lang='lat' dir='ltr'>dubito</span> <span class='ocrx_word' id='word_1_53' title='bbox 482 896 591 960; x_wconf 90' lang='lat' dir='ltr'>tamen,</span> <span class='ocrx_word' id='word_1_54' title='bbox 608 903 645 946; x_wconf 88' lang='lat' dir='ltr'>an</span> <span class='ocrx_word' id='word_1_55' title='bbox 660 887 751 946; x_wconf 80' lang='lat' dir='ltr'>irasci</span> <span class='ocrx_word' id='word_1_56' title='bbox 768 892 937 962; x_wconf 85' lang='lat' dir='ltr'>oporteat“</span> <span class='ocrx_word' id='word_1_57' title='bbox 963 887 1095 962; x_wconf 80' lang='lat' dir='ltr'>Quanto</span> <span class='ocrx_word' id='word_1_58' title='bbox 1110 892 1177 953; x_wconf 83' lang='lat' dir='ltr'>Cato</span> 
     </span>
     <span class='ocr_line' id='line_1_9' title="bbox 197 969 1174 1046; baseline 0.006 -15"><span class='ocrx_word' id='word_1_59' title='bbox 197 981 303 1033; x_wconf 91' lang='lat' dir='ltr'>noster</span> <span class='ocrx_word' id='word_1_60' title='bbox 316 973 446 1032; x_wconf 80' lang='lat' dir='ltr'>meliust</span> <span class='ocrx_word' id='word_1_61' title='bbox 473 973 533 1046; x_wconf 89' lang='lat' dir='ltr'>qui,</span> <span class='ocrx_word' id='word_1_62' title='bbox 555 988 622 1031; x_wconf 90' lang='lat' dir='ltr'>cum</span> <span class='ocrx_word' id='word_1_63' title='bbox 637 970 738 1044; x_wconf 89' lang='lat' dir='ltr'>agenti</span> <span class='ocrx_word' id='word_1_64' title='bbox 758 986 883 1030; x_wconf 89' lang='lat' dir='ltr'>causam</span> <span class='ocrx_word' id='word_1_65' title='bbox 903 969 933 1030; x_wconf 93' lang='lat' dir='ltr'>in</span> <span class='ocrx_word' id='word_1_66' title='bbox 956 972 1100 1036; x_wconf 89' lang='lat' dir='ltr'>lrontem</span> <span class='ocrx_word' id='word_1_67' title='bbox 1120 991 1174 1036; x_wconf 82' lang='lat' dir='ltr'>me</span> 
     </span>
     <span class='ocr_line' id='line_1_10' title="bbox 198 1053 1175 1136; baseline 0.006 -19"><span class='ocrx_word' id='word_1_68' title='bbox 198 1057 278 1118; x_wconf 92' lang='lat' dir='ltr'>diam</span> <span class='ocrx_word' id='word_1_69' title='bbox 295 1064 440 1130; x_wconf 91' lang='lat' dir='ltr'>quantum</span> <span class='ocrx_word' id='word_1_70' title='bbox 462 1062 581 1129; x_wconf 88' lang='lat' dir='ltr'>poterat</span> <span class='ocrx_word' id='word_1_71' title='bbox 600 1055 736 1114; x_wconf 87' lang='lat' dir='ltr'>adtracta</span> <span class='ocrx_word' id='word_1_72' title='bbox 758 1053 862 1128; x_wconf 90' lang='lat' dir='ltr'>pingui</span> <span class='ocrx_word' id='word_1_73' title='bbox 882 1055 982 1116; x_wconf 86' lang='lat' dir='ltr'>saliva</span> <span class='ocrx_word' id='word_1_74' title='bbox 1005 1056 1175 1136; x_wconf 79' lang='lat' dir='ltr'>inspuisset</span> 
     </span>
     <span class='ocr_line' id='line_1_11' title="bbox 196 1136 1173 1213; baseline 0.004 -14"><span class='ocrx_word' id='word_1_75' title='bbox 196 1141 342 1200; x_wconf 80' lang='lat' dir='ltr'>Lentulus</span> <span class='ocrx_word' id='word_1_76' title='bbox 357 1139 416 1211; x_wconf 88' lang='lat' dir='ltr'>ille,</span> <span class='ocrx_word' id='word_1_77' title='bbox 439 1147 557 1213; x_wconf 89' lang='lat' dir='ltr'>patrum</span> <span class='ocrx_word' id='word_1_78' title='bbox 573 1147 745 1198; x_wconf 90' lang='lat' dir='ltr'>nostrorum</span> <span class='ocrx_word' id='word_1_79' title='bbox 760 1136 905 1197; x_wconf 89' lang='lat' dir='ltr'>memoria</span> <span class='ocrx_word' id='word_1_80' title='bbox 917 1139 1078 1204; x_wconf 82' lang='lat' dir='ltr'>factiosus</span> <span class='ocrx_word' id='word_1_81' title='bbox 1094 1152 1125 1206; x_wconf 89' lang='lat' dir='ltr'>et</span> <span class='ocrx_word' id='word_1_82' title='bbox 1137 1145 1173 1203; x_wconf 94' lang='lat' dir='ltr'>in·</span> 
     </span>
     <span class='ocr_line' id='line_1_12' title="bbox 198 1221 1172 1299; baseline 0.006 -16"><span class='ocrx_word' id='word_1_83' title='bbox 198 1231 318 1298; x_wconf 90' lang='lat' dir='ltr'>potens,</span> <span class='ocrx_word' id='word_1_84' title='bbox 334 1222 477 1283; x_wconf 82' lang='lat' dir='ltr'>abstersit</span> <span class='ocrx_word' id='word_1_85' title='bbox 491 1223 598 1282; x_wconf 84' lang='lat' dir='ltr'>faciem</span> <span class='ocrx_word' id='word_1_86' title='bbox 615 1230 660 1283; x_wconf 81' lang='lat' dir='ltr'>et:</span> <span class='ocrx_word' id='word_1_87' title='bbox 691 1221 879 1296; x_wconf 88' lang='lat' dir='ltr'>‚‚alfirmabo,</span> <span class='ocrx_word' id='word_1_88' title='bbox 895 1221 1007 1299; x_wconf 88' lang='lat' dir='ltr'>inquit,</span> <span class='ocrx_word' id='word_1_89' title='bbox 1025 1227 1172 1299; x_wconf 87' lang='lat' dir='ltr'>omnibus,</span> 
     </span>
     <span class='ocr_line' id='line_1_13' title="bbox 198 1305 924 1381; baseline -0.003 -15"><span class='ocrx_word' id='word_1_90' title='bbox 198 1308 332 1378; x_wconf 83' lang='lat' dir='ltr'>Lentule,</span> <span class='ocrx_word' id='word_1_91' title='bbox 348 1307 410 1366; x_wconf 87' lang='lat' dir='ltr'>lalli</span> <span class='ocrx_word' id='word_1_92' title='bbox 424 1323 480 1367; x_wconf 91' lang='lat' dir='ltr'>eos</span> <span class='ocrx_word' id='word_1_93' title='bbox 496 1308 548 1381; x_wconf 90' lang='lat' dir='ltr'>qui</span> <span class='ocrx_word' id='word_1_94' title='bbox 563 1314 592 1366; x_wconf 88' lang='lat' dir='ltr'>te</span> <span class='ocrx_word' id='word_1_95' title='bbox 606 1314 718 1380; x_wconf 91' lang='lat' dir='ltr'>negant</span> <span class='ocrx_word' id='word_1_96' title='bbox 733 1323 768 1366; x_wconf 94' lang='lat' dir='ltr'>os</span> <span class='ocrx_word' id='word_1_97' title='bbox 783 1305 924 1365; x_wconf 85' lang='lat' dir='ltr'>lrabere.“</span> 
     </span>
    </p>

    <p class='ocr_par' dir='ltr' id='par_1_5' title="bbox 166 1390 1172 1714">
     <span class='ocr_line' id='line_1_14' title="bbox 166 1390 1172 1471; baseline 0.006 -21"><span class='ocrx_word' id='word_1_98' title='bbox 166 1406 181 1459; x_wconf 90' lang='lat' dir='ltr'>l</span> <span class='ocrx_word' id='word_1_99' title='bbox 260 1392 390 1451; x_wconf 88' lang='lat' dir='ltr'>XXXIX.</span> <span class='ocrx_word' id='word_1_100' title='bbox 414 1390 544 1466; x_wconf 81' lang='lat' dir='ltr'>Contigit</span> <span class='ocrx_word' id='word_1_101' title='bbox 558 1391 616 1450; x_wconf 90' lang='lat' dir='ltr'>iam</span> <span class='ocrx_word' id='word_1_102' title='bbox 632 1390 730 1462; x_wconf 92' lang='lat' dir='ltr'>nobis,</span> <span class='ocrx_word' id='word_1_103' title='bbox 745 1390 869 1460; x_wconf 84' lang='lat' dir='ltr'>Novate,</span> <span class='ocrx_word' id='word_1_104' title='bbox 891 1390 971 1450; x_wconf 90' lang='lat' dir='ltr'>bene</span> <span class='ocrx_word' id='word_1_105' title='bbox 994 1407 1172 1471; x_wconf 88' lang='lat' dir='ltr'>conponere</span> 
     </span>
     <span class='ocr_line' id='line_1_15' title="bbox 198 1473 1170 1550; baseline 0 -14"><span class='ocrx_word' id='word_1_106' title='bbox 198 1476 340 1536; x_wconf 91' lang='lat' dir='ltr'>animum.</span> <span class='ocrx_word' id='word_1_107' title='bbox 368 1482 420 1535; x_wconf 91' lang='lat' dir='ltr'>aut</span> <span class='ocrx_word' id='word_1_108' title='bbox 439 1491 499 1534; x_wconf 90' lang='lat' dir='ltr'>non</span> <span class='ocrx_word' id='word_1_109' title='bbox 516 1475 607 1535; x_wconf 85' lang='lat' dir='ltr'>sentit</span> <span class='ocrx_word' id='word_1_110' title='bbox 625 1473 812 1534; x_wconf 89' lang='lat' dir='ltr'>iracundiam</span> <span class='ocrx_word' id='word_1_111' title='bbox 827 1480 878 1535; x_wconf 90' lang='lat' dir='ltr'>aut</span> <span class='ocrx_word' id='word_1_112' title='bbox 890 1475 1044 1550; x_wconf 88' lang='lat' dir='ltr'>superior</span> <span class='ocrx_word' id='word_1_113' title='bbox 1059 1486 1123 1542; x_wconf 81' lang='lat' dir='ltr'>est:</span> <span class='ocrx_word' id='word_1_114' title='bbox 1136 1480 1170 1536; x_wconf 86' lang='lat' dir='ltr'>vi·</span> 
     </span>
     <span class='ocr_line' id='line_1_16' title="bbox 198 1559 1171 1635; baseline 0.007 -17"><span class='ocrx_word' id='word_1_115' title='bbox 198 1560 324 1619; x_wconf 90' lang='lat' dir='ltr'>deamus</span> <span class='ocrx_word' id='word_1_116' title='bbox 347 1559 541 1635; x_wconf 91' lang='lat' dir='ltr'>quomodo</span> <span class='ocrx_word' id='word_1_117' title='bbox 571 1559 735 1618; x_wconf 89' lang='lat' dir='ltr'>alienam</span> <span class='ocrx_word' id='word_1_118' title='bbox 763 1559 855 1617; x_wconf 90' lang='lat' dir='ltr'>iram</span> <span class='ocrx_word' id='word_1_119' title='bbox 875 1559 1095 1626; x_wconf 83' lang='lat' dir='ltr'>leniamus=</span> <span class='ocrx_word' id='word_1_120' title='bbox 1124 1579 1171 1625; x_wconf 89' lang='lat' dir='ltr'>nec</span> 
     </span>
     <span class='ocr_line' id='line_1_17' title="bbox 198 1642 920 1714; baseline -0.003 -12"><span class='ocrx_word' id='word_1_121' title='bbox 198 1644 277 1704; x_wconf 89' lang='lat' dir='ltr'>enirn</span> <span class='ocrx_word' id='word_1_122' title='bbox 286 1645 352 1703; x_wconf 92' lang='lat' dir='ltr'>sani</span> <span class='ocrx_word' id='word_1_123' title='bbox 364 1659 435 1703; x_wconf 91' lang='lat' dir='ltr'>esse</span> <span class='ocrx_word' id='word_1_124' title='bbox 444 1650 556 1703; x_wconf 88' lang='lat' dir='ltr'>tantum</span> <span class='ocrx_word' id='word_1_125' title='bbox 569 1644 719 1714; x_wconf 91' lang='lat' dir='ltr'>volumus,</span> <span class='ocrx_word' id='word_1_126' title='bbox 734 1642 790 1701; x_wconf 89' lang='lat' dir='ltr'>sed</span> <span class='ocrx_word' id='word_1_127' title='bbox 802 1658 920 1702; x_wconf 89' lang='lat' dir='ltr'>sanare.</span> 
     </span>
    </p>

    <p class='ocr_par' dir='ltr' id='par_1_6' title="bbox 165 1726 1171 2051">
     <span class='ocr_line' id='line_1_18' title="bbox 165 1726 1170 1794; baseline 0.006 -6"><span class='ocrx_word' id='word_1_128' title='bbox 165 1737 183 1788; x_wconf 75' lang='lat'><strong>2</strong></span> <span class='ocrx_word' id='word_1_129' title='bbox 256 1727 385 1786; x_wconf 88' lang='lat' dir='ltr'>Primam</span> <span class='ocrx_word' id='word_1_130' title='bbox 402 1727 476 1786; x_wconf 91' lang='lat' dir='ltr'>iram</span> <span class='ocrx_word' id='word_1_131' title='bbox 488 1743 548 1785; x_wconf 91' lang='lat' dir='ltr'>non</span> <span class='ocrx_word' id='word_1_132' title='bbox 563 1726 741 1787; x_wconf 88' lang='lat' dir='ltr'>audebimus</span> <span class='ocrx_word' id='word_1_133' title='bbox 756 1726 890 1786; x_wconf 90' lang='lat' dir='ltr'>oratione</span> <span class='ocrx_word' id='word_1_134' title='bbox 905 1729 1065 1792; x_wconf 79' lang='lat' dir='ltr'>mulcere:</span> <span class='ocrx_word' id='word_1_135' title='bbox 1087 1733 1170 1794; x_wconf 83' lang='lat' dir='ltr'>surde</span> 
     </span>
     <span class='ocr_line' id='line_1_19' title="bbox 199 1809 1171 1883; baseline 0.008 -15"><span class='ocrx_word' id='word_1_136' title='bbox 199 1816 402 1869; x_wconf 91' lang='lat' dir='ltr'>estelamens.</span> <span class='ocrx_word' id='word_1_137' title='bbox 415 1809 600 1869; x_wconf 90' lang='lat' dir='ltr'>dabimusilli</span> <span class='ocrx_word' id='word_1_138' title='bbox 608 1810 747 1883; x_wconf 89' lang='lat' dir='ltr'>spatium.</span> <span class='ocrx_word' id='word_1_139' title='bbox 758 1809 1171 1878; x_wconf 83' lang='lat' dir='ltr'>remediainremisstonibm</span> 
     </span>
     <span class='ocr_line' id='line_1_20' title="bbox 199 1893 1169 1976; baseline 0.008 -25"><span class='ocrx_word' id='word_1_140' title='bbox 199 1900 338 1968; x_wconf 90' lang='lat' dir='ltr'>prosunt.</span> <span class='ocrx_word' id='word_1_141' title='bbox 367 1909 424 1952; x_wconf 88' lang='lat' dir='ltr'>neo</span> <span class='ocrx_word' id='word_1_142' title='bbox 438 1894 544 1953; x_wconf 88' lang='lat' dir='ltr'>oculos</span> <span class='ocrx_word' id='word_1_143' title='bbox 558 1894 699 1953; x_wconf 89' lang='lat' dir='ltr'>tumentis</span> <span class='ocrx_word' id='word_1_144' title='bbox 714 1893 935 1968; x_wconf 88' lang='lat' dir='ltr'>temptabimus,</span> <span class='ocrx_word' id='word_1_145' title='bbox 950 1896 1016 1956; x_wconf 92' lang='lat' dir='ltr'>vim</span> <span class='ocrx_word' id='word_1_146' title='bbox 1028 1898 1169 1976; x_wconf 78' lang='lat' dir='ltr'>rigentem</span> 
     </span>
     <span class='ocr_line' id='line_1_21' title="bbox 199 1976 1171 2051; baseline 0.006 -16"><span class='ocrx_word' id='word_1_147' title='bbox 199 1976 525 2049; x_wconf 84' lang='lat' dir='ltr'>movendoinoitaturi,</span> <span class='ocrx_word' id='word_1_148' title='bbox 548 1993 604 2038; x_wconf 89' lang='lat' dir='ltr'>neo</span> <span class='ocrx_word' id='word_1_149' title='bbox 619 1986 720 2038; x_wconf 85' lang='lat' dir='ltr'>cetera</span> <span class='ocrx_word' id='word_1_150' title='bbox 739 1978 819 2051; x_wconf 89' lang='lat' dir='ltr'>vitia,</span> <span class='ocrx_word' id='word_1_151' title='bbox 841 1978 912 2038; x_wconf 94' lang='lat' dir='ltr'>dum</span> <span class='ocrx_word' id='word_1_152' title='bbox 924 1979 1061 2045; x_wconf 84' lang='lat' dir='ltr'>fervent</span> <span class='ocrx_word' id='word_1_153' title='bbox 1098 1984 1171 2045; x_wconf 85' lang='lat' dir='ltr'>inilia</span> 
     </span>
    </p>

    <p class='ocr_par' dir='ltr' id='par_1_7' title="bbox 165 2059 1172 2645">
     <span class='ocr_line' id='line_1_22' title="bbox 165 2059 1169 2138; baseline 0.007 -19"><span class='ocrx_word' id='word_1_154' title='bbox 165 2059 571 2134; x_wconf 74' lang='lat' dir='ltr'>amorborumquiescurat.</span> <span class='ocrx_word' id='word_1_155' title='bbox 591 2060 800 2135; x_wconf 75' lang='lat' dir='ltr'>„Quantulum</span> <span class='ocrx_word' id='word_1_156' title='bbox 815 2061 925 2136; x_wconf 89' lang='lat' dir='ltr'>inquis,</span> <span class='ocrx_word' id='word_1_157' title='bbox 939 2065 1169 2138; x_wconf 83' lang='lat' dir='ltr'>prodestreme·</span> 
     </span>
     <span class='ocr_line' id='line_1_23' title="bbox 200 2143 1171 2220; baseline 0.008 -16"><span class='ocrx_word' id='word_1_158' title='bbox 200 2144 281 2204; x_wconf 85' lang='lat' dir='ltr'>dium</span> <span class='ocrx_word' id='word_1_159' title='bbox 292 2151 385 2217; x_wconf 89' lang='lat' dir='ltr'>tuum,</span> <span class='ocrx_word' id='word_1_160' title='bbox 405 2143 433 2202; x_wconf 90' lang='lat' dir='ltr'>si</span> <span class='ocrx_word' id='word_1_161' title='bbox 453 2161 510 2204; x_wconf 90' lang='lat' dir='ltr'>sua</span> <span class='ocrx_word' id='word_1_162' title='bbox 522 2153 631 2220; x_wconf 90' lang='lat' dir='ltr'>sponte</span> <span class='ocrx_word' id='word_1_163' title='bbox 644 2146 832 2206; x_wconf 90' lang='lat' dir='ltr'>desinentem</span> <span class='ocrx_word' id='word_1_164' title='bbox 850 2145 922 2204; x_wconf 92' lang='lat' dir='ltr'>iram</span> <span class='ocrx_word' id='word_1_165' title='bbox 931 2148 1089 2220; x_wconf 75' lang='lat' dir='ltr'>placate“</span> <span class='ocrx_word' id='word_1_166' title='bbox 1118 2149 1171 2211; x_wconf 77' lang='lat' dir='ltr'>Pri</span> 
     </span>
     <span class='ocr_line' id='line_1_24' title="bbox 199 2227 1171 2306; baseline 0.008 -20"><span class='ocrx_word' id='word_1_167' title='bbox 199 2244 289 2300; x_wconf 84' lang='lat' dir='ltr'>mum,</span> <span class='ocrx_word' id='word_1_168' title='bbox 304 2235 337 2289; x_wconf 91' lang='lat' dir='ltr'>ut</span> <span class='ocrx_word' id='word_1_169' title='bbox 347 2227 435 2287; x_wconf 86' lang='lat' dir='ltr'>eitius</span> <span class='ocrx_word' id='word_1_170' title='bbox 444 2228 571 2302; x_wconf 87' lang='lat' dir='ltr'>desinat,</span> <span class='ocrx_word' id='word_1_171' title='bbox 586 2229 688 2289; x_wconf 87' lang='lat' dir='ltr'>elficit.</span> <span class='ocrx_word' id='word_1_172' title='bbox 709 2229 820 2289; x_wconf 90' lang='lat' dir='ltr'>deinde</span> <span class='ocrx_word' id='word_1_173' title='bbox 835 2230 976 2306; x_wconf 85' lang='lat' dir='ltr'>custodit,</span> <span class='ocrx_word' id='word_1_174' title='bbox 991 2246 1037 2293; x_wconf 90' lang='lat' dir='ltr'>ne</span> <span class='ocrx_word' id='word_1_175' title='bbox 1051 2236 1171 2296; x_wconf 87' lang='lat' dir='ltr'>recidat</span> 
     </span>
     <span class='ocr_line' id='line_1_25' title="bbox 197 2311 1171 2388; baseline 0.007 -16"><span class='ocrx_word' id='word_1_176' title='bbox 197 2313 301 2386; x_wconf 91' lang='lat' dir='ltr'>Ipsum</span> <span class='ocrx_word' id='word_1_177' title='bbox 316 2327 439 2387; x_wconf 90' lang='lat' dir='ltr'>quoque</span> <span class='ocrx_word' id='word_1_178' title='bbox 451 2312 596 2386; x_wconf 89' lang='lat' dir='ltr'>inpetum,</span> <span class='ocrx_word' id='word_1_179' title='bbox 615 2328 704 2386; x_wconf 92' lang='lat' dir='ltr'>quem</span> <span class='ocrx_word' id='word_1_180' title='bbox 716 2329 777 2373; x_wconf 92' lang='lat' dir='ltr'>non</span> <span class='ocrx_word' id='word_1_181' title='bbox 792 2314 883 2373; x_wconf 88' lang='lat' dir='ltr'>audet</span> <span class='ocrx_word' id='word_1_182' title='bbox 894 2311 999 2388; x_wconf 88' lang='lat' dir='ltr'>lenire,</span> <span class='ocrx_word' id='word_1_183' title='bbox 1014 2315 1119 2381; x_wconf 82' lang='lat' dir='ltr'>fallet=</span> <span class='ocrx_word' id='word_1_184' title='bbox 1132 2333 1171 2379; x_wconf 85' lang='lat' dir='ltr'>re·</span> 
     </span>
     <span class='ocr_line' id='line_1_26' title="bbox 198 2395 1170 2475; baseline 0.011 -20"><span class='ocrx_word' id='word_1_185' title='bbox 198 2396 332 2456; x_wconf 88' lang='lat' dir='ltr'>movebit</span> <span class='ocrx_word' id='word_1_186' title='bbox 343 2395 784 2458; x_wconf 88' lang='lat' dir='ltr'>omniaultionisinstrumenta.</span> <span class='ocrx_word' id='word_1_187' title='bbox 801 2396 1049 2475; x_wconf 86' lang='lat' dir='ltr'>simulabitimm,</span> <span class='ocrx_word' id='word_1_188' title='bbox 1064 2411 1170 2465; x_wconf 85' lang='lat' dir='ltr'>uttan·</span> 
     </span>
     <span class='ocr_line' id='line_1_27' title="bbox 200 2480 1172 2555; baseline 0.007 -14"><span class='ocrx_word' id='word_1_189' title='bbox 200 2497 289 2555; x_wconf 91' lang='lat' dir='ltr'>quam</span> <span class='ocrx_word' id='word_1_190' title='bbox 297 2480 418 2540; x_wconf 88' lang='lat' dir='ltr'>adiutor</span> <span class='ocrx_word' id='word_1_191' title='bbox 432 2487 462 2539; x_wconf 89' lang='lat' dir='ltr'>et</span> <span class='ocrx_word' id='word_1_192' title='bbox 475 2481 589 2541; x_wconf 89' lang='lat' dir='ltr'>doloris</span> <span class='ocrx_word' id='word_1_193' title='bbox 605 2496 708 2541; x_wconf 88' lang='lat' dir='ltr'>comes</span> <span class='ocrx_word' id='word_1_194' title='bbox 717 2481 785 2555; x_wconf 90' lang='lat' dir='ltr'>plus</span> <span class='ocrx_word' id='word_1_195' title='bbox 794 2482 978 2541; x_wconf 88' lang='lat' dir='ltr'>auctoritatis</span> <span class='ocrx_word' id='word_1_196' title='bbox 989 2483 1025 2543; x_wconf 90' lang='lat' dir='ltr'>in</span> <span class='ocrx_word' id='word_1_197' title='bbox 1038 2486 1172 2547; x_wconf 83' lang='lat' dir='ltr'>consiliis</span> 
     </span>
     <span class='ocr_line' id='line_1_28' title="bbox 197 2563 1171 2645; baseline 0.003 -21"><span class='ocrx_word' id='word_1_198' title='bbox 197 2563 316 2624; x_wconf 87' lang='lat' dir='ltr'>habeat.</span> <span class='ocrx_word' id='word_1_199' title='bbox 345 2580 447 2626; x_wconf 89' lang='lat' dir='ltr'>moras</span> <span class='ocrx_word' id='word_1_200' title='bbox 464 2573 579 2634; x_wconf 89' lang='lat' dir='ltr'>nectet,</span> <span class='ocrx_word' id='word_1_201' title='bbox 603 2564 717 2624; x_wconf 86' lang='lat' dir='ltr'>aldum</span> <span class='ocrx_word' id='word_1_202' title='bbox 732 2566 874 2625; x_wconf 90' lang='lat' dir='ltr'>maiorem</span> <span class='ocrx_word' id='word_1_203' title='bbox 897 2580 1031 2639; x_wconf 85' lang='lat' dir='ltr'>poenam</span> <span class='ocrx_word' id='word_1_204' title='bbox 1048 2569 1171 2645; x_wconf 84' lang='lat' dir='ltr'>quaerit,</span> 
     </span>
    </p>

    <p class='ocr_par' dir='ltr' id='par_1_8' title="bbox 164 2647 1215 3394">
     <span class='ocr_line' id='line_1_29' title="bbox 164 2647 1171 2724; baseline 0.01 -18"><span class='ocrx_word' id='word_1_205' title='bbox 164 2651 389 2722; x_wconf 72' lang='lat' dir='ltr'>epraesentem</span> <span class='ocrx_word' id='word_1_206' title='bbox 405 2647 533 2708; x_wconf 83' lang='lat' dir='ltr'>differet.</span> <span class='ocrx_word' id='word_1_207' title='bbox 565 2647 647 2707; x_wconf 92' lang='lat' dir='ltr'>omni</span> <span class='ocrx_word' id='word_1_208' title='bbox 661 2657 725 2708; x_wconf 92' lang='lat' dir='ltr'>arte</span> <span class='ocrx_word' id='word_1_209' title='bbox 740 2647 876 2724; x_wconf 90' lang='lat' dir='ltr'>requiem</span> <span class='ocrx_word' id='word_1_210' title='bbox 891 2649 985 2710; x_wconf 92' lang='lat' dir='ltr'>lurori</span> <span class='ocrx_word' id='word_1_211' title='bbox 1001 2652 1104 2716; x_wconf 77' lang='lat' dir='ltr'>dabit.</span> <span class='ocrx_word' id='word_1_212' title='bbox 1145 2651 1171 2715; x_wconf 79' lang='lat' dir='ltr'>Si</span> 
     </span>
     <span class='ocr_line' id='line_1_30' title="bbox 196 2730 1170 2808; baseline 0.009 -18"><span class='ocrx_word' id='word_1_213' title='bbox 196 2730 405 2791; x_wconf 87' lang='lat' dir='ltr'>vehementior</span> <span class='ocrx_word' id='word_1_214' title='bbox 420 2732 483 2805; x_wconf 91' lang='lat' dir='ltr'>erit,</span> <span class='ocrx_word' id='word_1_215' title='bbox 500 2741 552 2793; x_wconf 90' lang='lat' dir='ltr'>aut</span> <span class='ocrx_word' id='word_1_216' title='bbox 567 2733 715 2806; x_wconf 88' lang='lat' dir='ltr'>pudorem</span> <span class='ocrx_word' id='word_1_217' title='bbox 734 2732 777 2792; x_wconf 92' lang='lat' dir='ltr'>illi</span> <span class='ocrx_word' id='word_1_218' title='bbox 792 2749 848 2792; x_wconf 84' lang='lat' dir='ltr'>cur</span> <span class='ocrx_word' id='word_1_219' title='bbox 862 2749 921 2793; x_wconf 93' lang='lat' dir='ltr'>non</span> <span class='ocrx_word' id='word_1_220' title='bbox 936 2733 1077 2808; x_wconf 86' lang='lat' dir='ltr'>resistat,</span> <span class='ocrx_word' id='word_1_221' title='bbox 1094 2738 1170 2798; x_wconf 82' lang='lat' dir='ltr'>ineu·</span> 
     </span>
     <span class='ocr_line' id='line_1_31' title="bbox 197 2815 1171 2896; baseline 0.005 -21"><span class='ocrx_word' id='word_1_222' title='bbox 197 2815 250 2875; x_wconf 85' lang='lat' dir='ltr'>liet</span> <span class='ocrx_word' id='word_1_223' title='bbox 263 2821 315 2874; x_wconf 90' lang='lat' dir='ltr'>aul</span> <span class='ocrx_word' id='word_1_224' title='bbox 328 2823 449 2875; x_wconf 90' lang='lat' dir='ltr'>metum.</span> <span class='ocrx_word' id='word_1_225' title='bbox 480 2817 506 2874; x_wconf 92' lang='lat' dir='ltr'>si</span> <span class='ocrx_word' id='word_1_226' title='bbox 522 2816 676 2889; x_wconf 86' lang='lat' dir='ltr'>infirmior,</span> <span class='ocrx_word' id='word_1_227' title='bbox 699 2831 857 2875; x_wconf 87' lang='lat' dir='ltr'>sermones</span> <span class='ocrx_word' id='word_1_228' title='bbox 876 2815 986 2876; x_wconf 88' lang='lat' dir='ltr'>inseret</span> <span class='ocrx_word' id='word_1_229' title='bbox 999 2821 1056 2879; x_wconf 90' lang='lat' dir='ltr'>vel</span> <span class='ocrx_word' id='word_1_230' title='bbox 1071 2830 1171 2896; x_wconf 84' lang='lat' dir='ltr'>gratos</span> 
     </span>
     <span class='ocr_line' id='line_1_32' title="bbox 197 2898 1215 2974; baseline 0.007 -16"><span class='ocrx_word' id='word_1_231' title='bbox 197 2898 246 2958; x_wconf 89' lang='lat' dir='ltr'>vel</span> <span class='ocrx_word' id='word_1_232' title='bbox 260 2914 358 2959; x_wconf 89' lang='lat' dir='ltr'>novos</span> <span class='ocrx_word' id='word_1_233' title='bbox 374 2906 404 2960; x_wconf 89' lang='lat' dir='ltr'>et</span> <span class='ocrx_word' id='word_1_234' title='bbox 418 2899 581 2974; x_wconf 89' lang='lat' dir='ltr'>cupiditate</span> <span class='ocrx_word' id='word_1_235' title='bbox 598 2900 805 2974; x_wconf 88' lang='lat' dir='ltr'>cognoscendi</span> <span class='ocrx_word' id='word_1_236' title='bbox 826 2900 975 2960; x_wconf 80' lang='lat' dir='ltr'>avocabit.</span> <span class='ocrx_word' id='word_1_237' title='bbox 1020 2902 1172 2967; x_wconf 86' lang='lat' dir='ltr'>Medicum</span> <span class='ocrx_word' id='word_1_238' title='bbox 1211 2948 1215 2965; x_wconf 93' lang='lat'>.</span> 
     </span>
     <span class='ocr_line' id='line_1_33' title="bbox 197 2982 1215 3067; baseline 0.009 -25"><span class='ocrx_word' id='word_1_239' title='bbox 197 2982 288 3055; x_wconf 88' lang='lat' dir='ltr'>aiunl,</span> <span class='ocrx_word' id='word_1_240' title='bbox 305 2999 373 3043; x_wconf 86' lang='lat' dir='ltr'>curn</span> <span class='ocrx_word' id='word_1_241' title='bbox 387 2984 469 3057; x_wconf 88' lang='lat' dir='ltr'>regis</span> <span class='ocrx_word' id='word_1_242' title='bbox 484 2983 576 3042; x_wconf 87' lang='lat' dir='ltr'>filiam</span> <span class='ocrx_word' id='word_1_243' title='bbox 592 3000 698 3044; x_wconf 89' lang='lat' dir='ltr'>curare</span> <span class='ocrx_word' id='word_1_244' title='bbox 710 2984 835 3046; x_wconf 88' lang='lat' dir='ltr'>deberet</span> <span class='ocrx_word' id='word_1_245' title='bbox 846 3000 902 3044; x_wconf 90' lang='lat' dir='ltr'>nec</span> <span class='ocrx_word' id='word_1_246' title='bbox 917 2983 983 3044; x_wconf 92' lang='lat' dir='ltr'>sine</span> <span class='ocrx_word' id='word_1_247' title='bbox 999 2985 1091 3050; x_wconf 83' lang='lat' dir='ltr'>ferro</span> <span class='ocrx_word' id='word_1_248' title='bbox 1107 3004 1171 3067; x_wconf 88' lang='lat' dir='ltr'>pos·</span> <span class='ocrx_word' id='word_1_249' title='bbox 1212 3004 1215 3019; x_wconf 92' lang='grc'><strong><em>·</em></strong></span> 
     </span>
     <span class='ocr_line' id='line_1_34' title="bbox 196 3068 1173 3147; baseline 0.01 -21"><span class='ocrx_word' id='word_1_250' title='bbox 196 3074 257 3140; x_wconf 90' lang='lat' dir='ltr'>sel,</span> <span class='ocrx_word' id='word_1_251' title='bbox 284 3068 356 3127; x_wconf 90' lang='lat' dir='ltr'>dum</span> <span class='ocrx_word' id='word_1_252' title='bbox 377 3075 541 3127; x_wconf 87' lang='lat' dir='ltr'>tumentem</span> <span class='ocrx_word' id='word_1_253' title='bbox 562 3084 721 3126; x_wconf 88' lang='lat' dir='ltr'>mammam</span> <span class='ocrx_word' id='word_1_254' title='bbox 743 3069 848 3127; x_wconf 90' lang='lat' dir='ltr'>leniter</span> <span class='ocrx_word' id='word_1_255' title='bbox 866 3071 957 3140; x_wconf 89' lang='lat' dir='ltr'>lovel,</span> <span class='ocrx_word' id='word_1_256' title='bbox 987 3072 1173 3147; x_wconf 82' lang='lat' dir='ltr'>scalpellum</span> 
     </span>
     <span class='ocr_line' id='line_1_35' title="bbox 197 3151 1174 3227; baseline 0.008 -17"><span class='ocrx_word' id='word_1_257' title='bbox 197 3151 327 3225; x_wconf 84' lang='lat' dir='ltr'>spongia</span> <span class='ocrx_word' id='word_1_258' title='bbox 348 3158 459 3211; x_wconf 90' lang='lat' dir='ltr'>tectum</span> <span class='ocrx_word' id='word_1_259' title='bbox 480 3152 649 3212; x_wconf 87' lang='lat' dir='ltr'>induxisse.</span> <span class='ocrx_word' id='word_1_260' title='bbox 688 3159 891 3227; x_wconf 90' lang='lat' dir='ltr'>repugnasset</span> <span class='ocrx_word' id='word_1_261' title='bbox 909 3153 1016 3227; x_wconf 89' lang='lat' dir='ltr'>puella</span> <span class='ocrx_word' id='word_1_262' title='bbox 1038 3157 1174 3220; x_wconf 88' lang='lat' dir='ltr'>remedio</span> 
     </span>
     <span class='ocr_line' id='line_1_36' title="bbox 196 3235 1175 3312; baseline 0.013 -20"><span class='ocrx_word' id='word_1_263' title='bbox 196 3235 297 3307; x_wconf 89' lang='lat' dir='ltr'>palam</span> <span class='ocrx_word' id='word_1_264' title='bbox 312 3235 445 3294; x_wconf 89' lang='lat' dir='ltr'>admoto.</span> <span class='ocrx_word' id='word_1_265' title='bbox 470 3236 585 3305; x_wconf 90' lang='lat' dir='ltr'>eadem,</span> <span class='ocrx_word' id='word_1_266' title='bbox 604 3235 744 3309; x_wconf 88' lang='lat' dir='ltr'>quianon</span> <span class='ocrx_word' id='word_1_267' title='bbox 756 3236 955 3312; x_wconf 86' lang='lat' dir='ltr'>exspectavit,</span> <span class='ocrx_word' id='word_1_268' title='bbox 971 3235 1124 3304; x_wconf 91' lang='lat' dir='ltr'>dolorem</span> <span class='ocrx_word' id='word_1_269' title='bbox 1135 3251 1175 3304; x_wconf 85' lang='lat' dir='ltr'>tu·</span> 
     </span>
     <span class='ocr_line' id='line_1_37' title="bbox 196 3316 890 3394; baseline 0.006 -19"><span class='ocrx_word' id='word_1_270' title='bbox 196 3316 237 3376; x_wconf 90' lang='lat' dir='ltr'>lit.</span> <span class='ocrx_word' id='word_1_271' title='bbox 269 3317 423 3390; x_wconf 80' lang='lat' dir='ltr'>Quaedam</span> <span class='ocrx_word' id='word_1_272' title='bbox 439 3335 500 3379; x_wconf 92' lang='lat' dir='ltr'>non</span> <span class='ocrx_word' id='word_1_273' title='bbox 516 3319 574 3378; x_wconf 91' lang='lat' dir='ltr'>nisi</span> <span class='ocrx_word' id='word_1_274' title='bbox 590 3319 719 3394; x_wconf 88' lang='lat' dir='ltr'>decepta</span> <span class='ocrx_word' id='word_1_275' title='bbox 735 3329 890 3381; x_wconf 89' lang='lat' dir='ltr'>sanantur.</span> 
     </span>
    </p>

    <p class='ocr_par' dir='ltr' id='par_1_9' title="bbox 164 3400 1176 3561">
     <span class='ocr_line' id='line_1_38' title="bbox 164 3400 1176 3475; baseline 0.009 -15"><span class='ocrx_word' id='word_1_276' title='bbox 164 3407 181 3460; x_wconf 94' lang='lat' dir='ltr'>l</span> <span class='ocrx_word' id='word_1_277' title='bbox 257 3400 317 3459; x_wconf 83' lang='lat' dir='ltr'>XL.</span> <span class='ocrx_word' id='word_1_278' title='bbox 339 3401 434 3459; x_wconf 87' lang='lat' dir='ltr'>Alteri</span> <span class='ocrx_word' id='word_1_279' title='bbox 451 3402 550 3462; x_wconf 80' lang='lat' dir='ltr'>dices:</span> <span class='ocrx_word' id='word_1_280' title='bbox 573 3404 662 3475; x_wconf 86' lang='lat' dir='ltr'>„vide</span> <span class='ocrx_word' id='word_1_281' title='bbox 677 3418 715 3461; x_wconf 91' lang='lat' dir='ltr'>ne</span> <span class='ocrx_word' id='word_1_282' title='bbox 730 3403 858 3464; x_wconf 87' lang='lat' dir='ltr'>inimicis</span> <span class='ocrx_word' id='word_1_283' title='bbox 874 3405 1040 3468; x_wconf 84' lang='lat' dir='ltr'>iracundia</span> <span class='ocrx_word' id='word_1_284' title='bbox 1057 3417 1115 3473; x_wconf 88' lang='lat' dir='ltr'>tua</span> <span class='ocrx_word' id='word_1_285' title='bbox 1130 3428 1176 3471; x_wconf 85' lang='lat' dir='ltr'>vo·</span> 
     </span>
     <span class='ocr_line' id='line_1_39' title="bbox 196 3482 1176 3561; baseline 0.012 -18"><span class='ocrx_word' id='word_1_286' title='bbox 196 3482 302 3560; x_wconf 87' lang='lat' dir='ltr'>luptati</span> <span class='ocrx_word' id='word_1_287' title='bbox 318 3483 387 3543; x_wconf 78' lang='lat' dir='ltr'>sit“</span> <span class='ocrx_word' id='word_1_288' title='bbox 415 3484 515 3544; x_wconf 83' lang='lat' dir='ltr'>alteri=</span> <span class='ocrx_word' id='word_1_289' title='bbox 537 3488 627 3558; x_wconf 78' lang='lat' dir='ltr'>„vide</span> <span class='ocrx_word' id='word_1_290' title='bbox 642 3503 680 3546; x_wconf 88' lang='lat' dir='ltr'>ne</span> <span class='ocrx_word' id='word_1_291' title='bbox 700 3488 874 3561; x_wconf 87' lang='lat' dir='ltr'>magnitudo</span> <span class='ocrx_word' id='word_1_292' title='bbox 896 3487 988 3547; x_wconf 91' lang='lat' dir='ltr'>animi</span> <span class='ocrx_word' id='word_1_293' title='bbox 1012 3492 1062 3554; x_wconf 91' lang='lat' dir='ltr'>tui</span> <span class='ocrx_word' id='word_1_294' title='bbox 1084 3495 1176 3558; x_wconf 84' lang='lat' dir='ltr'>credi·</span> 
     </span>
    </p>
   </div>
   <div class='ocr_carea' id='block_1_3' title="bbox 0 0 1230 3968">
    <p class='ocr_par' dir='ltr' id='par_1_10' title="bbox 0 0 1230 3968">
     <span class='ocr_line' id='line_1_40' title="bbox 0 0 1230 3968; baseline 0 0"><span class='ocrx_word' id='word_1_295' title='bbox 0 0 1230 3968; x_wconf 95' lang='lat' dir='ltr'> </span> 
     </span>
    </p>
   </div>
  </div>
 </body>
</html>
