2438 3968
162 265 216 325 Al)
233 263 456 323 GALLIONEM
471 264 522 323 DE
536 263 630 320 VITA
643 262 783 322 ΒΕΑΤΑ.
803 268 924 325 26-28.
969 260 1030 323 163

59 434 134 480 suos
154 414 276 477 effudit:
304 415 463 476 inlustrata
483 423 530 475 est
550 415 645 476 virtus
661 431 729 476 mea
745 431 799 491 per
819 432 857 476 ea
870 417 952 492 ipsa,
976 430 1044 493 pcr¹

59 517 138 579 quae
152 501 318 576 petebatur.
344 499 473 575 produci
486 499 565 559 enim
581 499 622 558 illi
633 507 663 559 et
673 501 812 575 temptari
826 501 959 575 expedit,
975 517 1031 561 nec

57 586 109 646 ulli
122 583 219 658 magis
234 582 420 658 intellegunt,
441 590 555 659 quanta
568 585 616 657 sit,
634 599 726 659 quam
741 585 794 659 qui
808 583 890 644 vires
907 585 973 644 eius
988 587 1030 645 la-

58 669 211 730 cessendo
227 673 399 728 senserunt.
430 665 539 728 duritia
555 665 649 728 silicis
666 667 755 728 nullis
771 666 867 742 magis
883 685 974 743 quam
989 671 1003 728 i
1019 702 1030 711 -

57 753 203 812 rientibus
225 759 297 811 nota
317 760 374 812 est
414 751 549 812 Praebeo
570 767 618 810 me
639 768 700 811 non
721 751 807 813 aliter
827 768 918 827 quam
937 761 1064 828 rupesb

58 838 161 912 aliqua
175 837 204 895 in
219 837 339 896 vadoso
354 836 429 896 mari
450 836 600 908 destituta,
622 851 713 910 quam
734 835 846 896 fluctus
866 852 927 895 non
950 836 1030 897 desi·

57 928 139 995 nunt,
155 922 370 994 undecumque
385 920 456 979 moti
472 927 549 991 sunt,
567 919 728 979 verberare
739 935 796 980 nec
811 919 881 979 ideo
897 928 949 980 aut
962 921 1031 981 loco

56 1021 124 1065 eam
139 1011 263 1065 movent
276 1011 328 1063 aut
342 1019 398 1080 per
417 1009 461 1064 tot
475 1010 589 1064 aetates
605 1003 712 1064 crebro
735 1003 862 1064 incursu
881 1022 938 1066 suo
960 1019 1032 1065 con-

57 1096 188 1150 sumunt.
216 1085 345 1161 adsilite,
361 1086 449 1148 tacite
463 1087 607 1162 inpetum.
637 1088 763 1148 ferendo
779 1105 835 1149 vos
850 1089 977 1148 vincam.
1000 1087 1031 1148 in

57 1188 102 1245 ea,
125 1188 204 1248 quae
219 1172 306 1231 firma
321 1179 351 1232 et
364 1169 623 1246 inexsuperabilia
638 1179 717 1246 sunt,
737 1171 882 1247 quiequid
897 1171 1030 1245 incurrit,

56 1255 137 1316 malo
152 1273 210 1316 suo
230 1255 290 1314 vim
313 1271 400 1315 suam
421 1264 552 1315 exercet.
587 1253 719 1316 Proinde
741 1255 878 1331 quaerite
898 1256 1033 1330 aliquam

56 1342 178 1400 mollem
194 1339 414 1413 cedentemque
436 1339 600 1412 materiam,
621 1340 650 1397 in
668 1355 729 1415 qua
744 1339 804 1400 tela
817 1346 921 1399 vestra
935 1340 1033 1415 figan-

55 1429 112 1483 tur.
139 1423 237 1484 Vobis
255 1429 354 1482 autem
367 1431 457 1484 vacat
470 1424 568 1482 aliena
583 1423 710 1482 scrutari
731 1423 810 1482 mala
824 1431 853 1483 et
866 1423 1031 1484 sententias
1046 1425 1063 1480 t

56 1508 137 1566 ierrc
151 1509 189 1567 de
215 1513 392 1582 quoquam?
421 1507 582 1581 quarente
604 1506 808 1582 philosophus
828 1506 928 1567 laxius
947 1505 1031 1567 habi·

57 1599 107 1664 tat,
124 1607 218 1666 quare
232 1591 281 1650 hic
297 1591 406 1650 lautius
423 1597 552 1650 coenat?
573 1591 704 1665 papulas
720 1590 891 1659 observatis
905 1591 1031 1666 alienas,

57 1674 147 1734 obsiti
164 1674 300 1748 plurimis
318 1673 493 1734 ulceribus?
520 1675 588 1734 Hoc
604 1675 662 1733 tale
674 1681 722 1734 est
737 1675 827 1749 quale
840 1673 867 1735 si
880 1673 950 1750 quis
965 1675 1031 1750 pul·

57 1758 274 1819 cherrimorum
302 1773 465 1832 corporum
491 1773 607 1817 naevos
635 1764 686 1818 aut
710 1773 857 1819 verrucas
884 1758 1030 1832 derideat,

57 1858 148 1918 quem
164 1844 228 1902 iera
248 1841 369 1902 scabies
385 1840 570 1916 depascitur.
601 1840 716 1902 Obicite
729 1841 853 1911 Platoni,
874 1843 957 1916 quod
979 1854 1059 1918 111-1

57 1928 135 1986 tierit
154 1927 329 2001 pecuniam,
356 1925 527 1999 Aristoteli,
556 1926 639 1999 quod
660 1926 821 2000 acceperit,
847 1926 1030 2000 Democrito,

58 2011 141 2086 quod
156 2009 331 2086 neglexerit,
347 2009 491 2085 Epicuro,
517 2011 599 2085 quod
622 2010 855 2086 consumpserit.
880 2010 950 2069 mihi
971 2011 1031 2085 ipsi

56 2095 245 2154 Alcibiadem
268 2101 297 2153 et
310 2094 481 2154 Phaedrum
497 2093 656 2154 obiectata.
688 2093 784 2154 Ovos
803 2099 884 2167 [usu]
900 2095 1031 2154 maxime

57 2178 171 2252 ielices,
195 2195 262 2239 cum
278 2179 407 2254 primum
424 2179 511 2238 vobis
526 2178 633 2238 imitari
652 2178 723 2238 vitia
738 2185 842 2238 nostra
858 2177 1030 2252 contigerit!

57 2261 133 2336 Quin
150 2263 251 2337 potius
264 2263 344 2322 mala
358 2270 460 2323 vestra
477 2262 718 2337 circumspicitis,
734 2279 814 2337 quae
826 2279 882 2323 vos
898 2263 936 2322 ab
952 2265 1059 2332 omnis

57 2353 144 2421 parte
166 2347 353 2420 confodiunt,
376 2348 435 2406 alia
449 2346 621 2420 grassantia
640 2346 840 2420 extrinsecae,
863 2345 922 2405 alia
942 2344 972 2404 in
988 2346 1030 2406 vi-

57 2427 197 2491 sceribus
212 2430 289 2504 ipsis
305 2431 466 2490 ardentia?
492 2430 557 2489 Non
575 2446 612 2491 eo
627 2432 696 2489 loco
717 2446 767 2490 res
782 2430 933 2489 humanae
952 2438 1030 2502 sunt,

57 2513 174 2574 etiamsi
190 2521 301 2574 statum
313 2521 449 2574 vestrum
461 2530 566 2589 parum
582 2514 688 2586 nostia,
703 2521 736 2574 ot
745 2514 833 2573 vobis
850 2521 963 2573 tantum
980 2512 1032 2574 otii

57 2597 200 2671 supersit,
215 2597 288 2657 utin
305 2599 416 2672 probra
430 2598 586 2658 meliorum
602 2596 715 2672 agitare
731 2599 862 2670 linguam
877 2603 986 2658 vaceti

120 2681 252 2741 XXVlll.
276 2682 343 2742 Hoc
358 2698 415 2741 vos
437 2698 497 2741 non
512 2680 684 2756 intellegitis
700 2689 730 2740 et
747 2682 877 2741 alienum
892 2681 1030 2741 fortunae

57 2773 179 2826 vestrae
193 2767 307 2826 voltum
320 2764 433 2841 geritis,
456 2766 535 2825 sicut
549 2764 676 2841 plurimi,
699 2766 809 2840 quibus
831 2763 860 2825 in
882 2765 964 2825 circo
980 2772 1032 2826 aut

57 2850 174 2911 theatro
190 2849 401 2910 desidentibus
420 2848 480 2909 iam
492 2851 611 2910 funesta
633 2850 744 2910 domus
765 2856 812 2910 est
833 2865 890 2908 nec
914 2850 1029 2908 adnun-

58 2936 162 2995 tiatum
174 2936 293 2994 malum.
324 2937 365 2994 At
385 2948 442 3009 ego
463 2950 501 2993 cx
524 2935 584 2993 alto
605 2933 798 3009 prospiciens
821 2933 928 3006 video,
952 2947 1032 3008 quae

58 3026 256 3093 tempestates
274 3025 327 3078 aut
346 3018 510 3077 inmineant
528 3020 616 3079 vobis
635 3020 728 3094 paulo
750 3018 866 3077 tardius
886 3025 1031 3090 rupturae

59 3102 192 3162 nimbum
216 3119 321 3177 suum,
341 3111 392 3163 ant
413 3103 471 3160 iam
491 3100 609 3162 vicinae
634 3119 691 3162 vos
711 3117 748 3161 ac
767 3110 870 3161 vestra
888 3110 1031 3175 rapturae

59 3186 186 3262 propius
195 3186 389 3247 accesserint.
410 3185 487 3260 Quid
497 3194 609 3261 porro?
623 3202 772 3246 nonnunc
783 3201 915 3260 quoque,
929 3186 1027 3244 etiam·

59 3270 86 3331 si
101 3287 207 3345 pamm
228 3272 353 3342 sentitis,
374 3271 461 3331 turbo
483 3271 605 3345 quidam
626 3272 743 3330 animos
763 3279 884 3330 vestros
903 3276 981 3330 rotat
1002 3284 1032 3328 et

59 3355 193 3426 involvit,
214 3356 361 3430 fugientes
379 3363 578 3430 petentesque
593 3356 699 3414 eadem
715 3361 744 3413 et
758 3354 881 3414 nuncin
903 3353 1031 3414 sublime

61 3441 220 3499 adlevatos
237 3456 316 3499 nunc
331 3441 360 3498 in
377 3439 478 3498 infima
493 3439 630 3498 adlisos?
645 3436 778 3477 ******

810 3601 864 3661 lt*
