2438 3968
160 251 213 309 Ab
236 248 419 308 MARCIAM
439 247 490 308 DE
513 246 813 307 CONSOLATIONE.
842 258 925 308 1-2.
971 245 1031 309 113

59 401 213 462 desiderio
229 399 351 459 fluentis
367 399 544 471 continebo,
567 398 593 456 si
609 397 673 455 fieri
696 397 840 471 potuerit,
863 398 982 458 favente
1002 407 1032 458 te

58 483 202 544 remediis
217 484 292 555 tuis,
309 483 334 541 si
350 483 464 555 minus,
480 484 528 540 vei
544 480 651 554 invita,
672 488 776 540 tenens
791 482 860 540 iicet
874 489 904 542 et
919 483 1032 556 ampie-

58 569 142 628 xeris
158 567 295 627 dolorem
311 572 408 640 tuum,
432 581 522 639 quem
536 564 590 623 tibi
610 564 640 622 in
655 564 708 624 filii
723 565 822 624 iocum
838 567 1032 639 superstitem

59 651 168 711 iecisti.
210 651 282 724 Quis
307 651 386 709 enim
411 649 468 708 erit
494 649 588 708 finis?
627 648 727 708 omnia
751 649 781 708 in
807 656 1061 723 supervacuumb

60 742 205 810 temptata
222 741 306 794 sunt:
328 734 469 807 fatigatae
491 732 702 792 adlocutiones
723 732 897 792 amicorum.
929 740 1032 792 aucto·

59 821 164 878 ritates
180 834 356 892 magnorum
372 824 402 876 et
416 816 560 876 adfinium
576 817 629 876 tibi
643 814 790 887 virorum,
812 817 925 888 studia,
946 816 1033 875 here-

60 903 199 962 ditarium
214 908 244 961 et
258 908 418 976 paternum
432 901 559 974 bonum,
582 901 693 960 surdas
716 915 806 959 aures
828 901 917 959 inrito
939 909 969 960 et
983 899 1032 959 vix

59 988 99 1046 ad
126 987 248 1045 brevem
276 985 506 1059 occupationem
533 984 711 1058 proficiente
737 985 845 1045 solatio
866 990 1034 1044 transeunt.

60 1071 134 1130 iliud
155 1069 253 1144 ipsum
269 1070 405 1129 naturale
423 1068 588 1128 remedium
602 1067 764 1142 temporis,
788 1068 871 1142 quod
886 1068 1034 1127 maximas

62 1169 188 1228 quoque
203 1169 363 1212 aerumnas
379 1153 538 1226 conponit,
553 1153 583 1210 in
597 1159 627 1210 te
641 1168 703 1211 una
717 1152 776 1210 vim
792 1168 878 1212 suam
895 1151 1033 1226 perdidit.

59 1238 177 1298 Tertius
195 1238 252 1295 iam
270 1237 423 1310 praeteriit
436 1252 550 1307 annuS,
573 1251 640 1294 cum
656 1235 774 1294 interim
796 1236 866 1294 nibil
883 1251 921 1295 ex
936 1236 1062 1310 primo?

62 1324 113 1381 iiio
129 1322 232 1396 inpetu
248 1321 365 1380 cecidit.
387 1328 516 1379 renovat
532 1334 566 1380 se
579 1326 608 1378 et
618 1319 803 1380 conroborat
814 1317 924 1378 cotidie
937 1319 1034 1379 luctus

61 1412 92 1464 et
113 1405 171 1463 iam
193 1403 251 1463 sibi
272 1405 319 1462 ius
340 1419 426 1462 mora
446 1404 517 1462 feeit
537 1417 637 1476 eoque
652 1403 803 1462 adductus
818 1410 879 1473 est,
899 1409 932 1461 ut
952 1409 1037 1477 putet

61 1498 151 1562 turpe
173 1487 323 1547 desinere.
352 1486 612 1559 Quemadmodum
628 1486 730 1546 omnia
744 1487 814 1544 vitia
831 1486 949 1560 penitus
964 1485 1034 1545 insi-

62 1574 152 1644 dunt,
174 1571 232 1630 nisi
248 1572 319 1630 dum
336 1576 476 1645 surgunt,
499 1583 650 1644 oppressa
664 1576 750 1643 sunt,
765 1569 807 1630 ita
822 1571 898 1629 haec
913 1585 1037 1644 quoque

61 1656 158 1714 tristia
179 1661 209 1713 et
227 1653 338 1713 misera
360 1663 388 1714 et
407 1654 435 1712 in
458 1670 493 1713 se
508 1652 674 1712 saevientia
687 1653 756 1728 ipsa
770 1654 936 1714 novissime
952 1668 1035 1712 acer-

63 1741 154 1798 bitate
169 1745 335 1813 pascuntur
347 1745 376 1797 et
390 1738 423 1796 fit
433 1736 561 1797 infelicis
574 1737 665 1796 animi
679 1753 775 1812 prava
784 1740 926 1812 voluptas
938 1738 1035 1797 dolor.

64 1823 223 1897 Cupissem
243 1823 346 1896 itaque
365 1822 470 1897 primis
486 1822 673 1896 temporibus
695 1823 734 1881 ad
748 1823 836 1881 istam
853 1821 1066 1881 curationemti

64 1906 221 1966 accedere.
251 1906 365 1966 leviore
385 1906 537 1964 medicina
557 1905 667 1965 fuisset
681 1906 782 1966 oriens
798 1906 898 1965 adhuc
913 1904 1036 1965 restrin-

62 1991 163 2066 genda
188 1989 250 2048 vis:
279 1990 488 2049 vehementius
515 1996 621 2050 contra
647 1989 814 2049 inveterata
839 1990 1037 2064 pugnandum

62 2081 119 2134 est.
152 2089 221 2132 nam
249 2075 407 2133 volnerum
435 2088 559 2149 quoque
582 2072 696 2133 sanitas
719 2073 815 2132 facilis
838 2080 900 2146 est,
927 2072 998 2133 dum
1019 2089 1038 2130 a

62 2158 212 2232 sanguine
227 2157 361 2217 recentia
376 2165 455 2217 sunt.
476 2166 547 2218 tunc
563 2164 593 2216 et
606 2165 735 2218 uruntur
749 2164 778 2216 et
794 2157 824 2215 in
840 2158 932 2216 altum
948 2172 1038 2216 revo-

64 2249 171 2302 cantur
191 2248 220 2300 et
240 2240 351 2315 digitos
367 2240 564 2302 scrutantium
585 2241 751 2316 recipiunt:
772 2239 823 2299 ubi
844 2247 986 2315 corrupta
1007 2240 1036 2298 in

64 2327 175 2385 maium
191 2328 278 2384 uicus
293 2333 462 2398 verterunt,
485 2325 637 2384 difficilius
654 2330 804 2384 curantur.
826 2324 892 2383 Non
910 2339 1037 2398 possum

64 2425 145 2468 nunc
172 2424 227 2482 per
252 2409 431 2484 obsequium
457 2425 514 2469 nec
539 2409 667 2468 molliter
691 2409 820 2482 adsequi
848 2415 907 2466 tam
930 2406 1037 2466 durum

66 2493 220 2552 dolorem:
242 2494 429 2567 frangendus
446 2501 500 2552 est.

127 2577 162 2634 li.
200 2575 288 2636 Scio
314 2579 573 2651 apraeceptis
600 2576 777 2650 incipere
803 2591 948 2649 omnes,
975 2576 1068 2649 quil

64 2675 219 2719 monere
241 2661 408 2734 aliquem
429 2663 582 2733 volunt,
606 2668 642 2720 et
662 2660 697 2718 in
719 2660 909 2732 exemplis
934 2661 1038 2720 desi-

64 2760 164 2804 nere.
203 2745 342 2803 mutari
376 2745 475 2804 bunc
511 2745 661 2804 interim
695 2758 835 2803 morem
869 2743 1037 2818 expedit.

64 2829 152 2887 aliter
171 2827 251 2886 enim
268 2844 335 2887 eum
351 2829 410 2887 aiio
426 2829 577 2903 agendum
600 2837 661 2888 est:
686 2829 835 2902 quosdam
852 2829 928 2888 ratio
948 2828 1038 2902 ducit„

66 2912 248 2986 quibusdam
270 2912 390 2971 nomina
412 2913 493 2971 clara
514 2912 698 2987 opponenda
720 2918 789 2971 sunt
816 2917 846 2970 et
865 2914 1039 2985 auctoritas

48 2991 52 2999 '
65 3011 146 3070 quae
162 2996 287 3054 liberum
304 3012 364 3055 non
380 2996 531 3069 relinquat
545 2996 675 3055 animum
689 2996 726 3055 ad
740 2994 884 3069 speciosa
895 2996 1037 3069 stupenti.

65 3082 145 3139 Duo
167 3079 238 3139 tibi
262 3093 397 3154 ponam
421 3087 509 3138 ante
531 3081 667 3140 oculos
688 3079 900 3139 maximaet
920 3094 1067 3146 sexusn

66 3170 103 3222 et
128 3163 256 3222 seculi
280 3164 334 3222 tui
362 3164 556 3237 exempla:
581 3163 704 3222 alterius
730 3162 875 3235 feminae,
900 3179 979 3237 quae
1005 3179 1040 3224 se

66 3246 190 3306 tradidit
204 3248 359 3307 terendam
374 3247 480 3319 dolori,
497 3245 630 3318 alterius,
647 3261 726 3321 quae
742 3247 808 3319 pari
822 3246 942 3306 adiecta
955 3263 1039 3320 casu,

66 3331 181 3390 maiore
198 3329 323 3401 damno,
347 3348 406 3391 non
423 3338 521 3391 tamen
538 3330 621 3389 dedit
636 3331 759 3404 tongum
775 3329 804 3388 in
822 3346 856 3389 se
872 3332 958 3390 malis
975 3329 1040 3391 suis

68 3414 252 3488 dominium,
279 3416 334 3474 sed
362 3417 420 3477 cito
446 3415 577 3475 animum
602 3414 632 3472 in
658 3415 762 3474 sedem
784 3429 870 3474 suam
890 3416 1038 3490 reposuit.

69 3497 230 3558 Octavia
250 3506 286 3558 et
305 3499 426 3572 Livia,
450 3502 542 3558 attera
564 3513 653 3558 soror
668 3497 815 3572 Augusti,
838 3500 932 3558 altera
951 3504 1070 3567 oxonii

111 3599 212 3638 sunnon
227 3602 296 3640 narr..
315 3583 335 3640 l.
873 3590 890 3638 8
