2438 3968
138 204 191 300 an
213 239 437 301 ammonent
457 239 508 299 ua
530 239 625 298 vira
645 236 784 297 aunan.
806 246 925 300 Η..
964 236 1024 299 159

55 394 96 454 ibi
109 391 250 453 beneficii
265 393 353 452 locus
368 398 424 452 est.
441 391 544 452 Potest
558 390 659 466 itaque
671 393 830 466 pecuniam
845 393 932 454 etiam
947 393 1024 454 intra

56 476 146 537 limen
161 493 251 536 suum
261 474 429 535 diffundere
443 483 473 536 et
485 474 692 535 liberalitatem
703 491 857 549 exercere,
870 493 952 551 ,quae
962 493 1024 537 non

55 561 127 636 quio
141 560 244 620 liberis
257 559 392 632 debetur,
406 560 463 619 sed
475 560 547 634 quia
561 575 579 618 a
594 559 687 619 libero
699 559 798 619 animo
811 561 1024 636 proficiscitur,

55 646 96 705 ita
110 643 262 704 nominata
278 650 333 703 est.
362 642 445 702 Haec
459 642 541 718 apud
562 641 732 717 sapientem
752 658 809 702 nec
829 660 970 717 umquam
994 645 1024 703 in

54 737 161 802 turpes
176 727 379 801 indignosque
393 725 557 801 inpingitur
576 741 634 786 nec
648 742 790 802 umquam
805 727 846 786 ita
863 727 1024 802 defatigata

55 819 142 881 errat,
154 817 272 881 utnon,
293 809 434 884 quotiens
451 811 573 884 dignum
591 810 746 882 invenerit,
764 810 851 885 quasi
872 827 911 870 ex
932 813 1024 884 pleno

55 895 139 954 duat.
160 895 226 954 Non
242 899 289 952 est
304 909 386 967 ergo,
403 894 486 968 quod
502 910 662 968 perperam
677 895 856 969 exaudiatis,
873 910 953 970 quae
967 894 1055 958 tro-4

56 985 151 1051 ueste,
168 978 291 1048 sortiter,
318 977 455 1036 animose
479 993 498 1036 a
518 977 665 1038 studiosis
685 978 853 1053 sapientiae
873 978 1023 1038 dicuntur.

55 1072 85 1122 et
100 1063 158 1122 boc
174 1063 302 1136 primum
317 1060 485 1120 adtendite:
508 1062 589 1121 aliud
607 1069 654 1121 est
674 1061 832 1123 studiosus
848 1061 1025 1136 sapientiae,

56 1146 137 1205 aliud
149 1145 207 1204 iam
222 1146 352 1219 adeptus
367 1144 555 1218 sapientiam.
584 1146 636 1205 lile
651 1146 703 1205 tibi
718 1147 812 1206 dicet:
832 1146 966 1223 „optime
980 1147 1025 1204 lo·

57 1245 150 1305 quor,
173 1229 228 1289 sed
249 1228 349 1288 adhuc
372 1228 450 1288 inter
474 1229 553 1288 mala
575 1231 696 1289 volutor
715 1231 852 1304 plurima.
886 1234 1026 1301 nonest,

57 1313 141 1388 quod
157 1329 204 1372 me
219 1313 258 1371 ad
273 1313 430 1371 lormulam
449 1328 547 1372 meam
562 1313 677 1388 exigas.
707 1329 776 1372 curn
795 1314 925 1372 maxime
946 1312 1026 1371 facio

57 1412 105 1455 me
120 1404 150 1456 et
165 1399 260 1455 lormo
277 1403 306 1455 et
319 1396 359 1455 ad
370 1396 526 1470 exemplar
541 1396 648 1470 ingens
663 1397 786 1456 adtollo.
804 1397 830 1455 si
843 1410 1026 1470 processero

59 1488 202 1556 quantum
216 1481 367 1556 [cumque]
382 1480 538 1554 proposui,
553 1480 641 1554 exige
655 1487 687 1540 ut
701 1480 789 1539 dictis
805 1481 883 1540 lacta
897 1493 1027 1552 respon-

57 1566 180 1623 deant.“
213 1563 388 1622 Adsecutus
410 1579 482 1622 vero
502 1563 625 1624 humani
648 1562 720 1623 boni
740 1579 858 1623 summa
878 1563 963 1622 aliter
983 1569 1027 1621 te·

58 1664 126 1707 cum
141 1653 210 1719 aget
224 1654 254 1704 et
270 1648 364 1706 dicet:
386 1646 536 1719 „Primum
551 1663 611 1708 non
628 1647 788 1722 est,‚quod
801 1646 855 1708 tibi
871 1645 1027 1722 permittas

58 1733 96 1790 de
112 1730 286 1790 melioribus
299 1731 377 1789 serre
392 1731 585 1791 sententiam:
602 1731 672 1790 mibi
683 1731 751 1803 iam,
770 1731 854 1805 quod
869 1745 1027 1804 argumen-

58 1823 119 1875 tum
135 1821 181 1873 est
192 1813 274 1885 recti,
291 1813 435 1888 contingit
451 1815 536 1874 malis
548 1815 720 1889 displicere.
748 1815 814 1889 sed,
829 1821 862 1874 ut
875 1813 927 1874 tibi
937 1813 1059 1876 ratio-5

57 1914 125 1956 nem
139 1898 274 1968 reddam,
291 1913 351 1972 qua
368 1899 440 1958 nulli
455 1899 623 1958 mortalium
638 1898 769 1968 invideo,
786 1897 858 1958 audi
870 1897 940 1973 quid
957 1913 1027 1973 pro·
1088 1972 1090 1976 ι

57 1982 170 2040 mittam
185 1988 215 2041 et
230 1980 333 2055 quanti
347 1997 487 2057 quaeque
501 1983 672 2042 aestimem=
687 1981 808 2042 divitias
823 1998 902 2057 nego
914 1981 1028 2041 bonum

58 2081 138 2125 esse
154 2081 223 2123 nam
239 2064 265 2123 si
281 2072 393 2138 essent,
408 2066 663 2126 bonoslaoerent.
683 2066 928 2140 nuncquoniam,
945 2065 1029 2140 quod

58 2149 141 2224 opud
155 2150 252 2208 malos
272 2149 516 2224 deprehenditur,
537 2150 596 2209 dici
617 2151 730 2209 bonum
750 2165 811 2210 non
835 2156 944 2224 potest,
970 2148 1029 2207 hoc

58 2232 116 2292 illis
131 2249 241 2292 nomen
263 2248 351 2306 nego.
375 2240 508 2294 ceterum
525 2240 555 2293 et
575 2233 731 2294 habendas
752 2250 823 2294 esse
842 2241 872 2292 et
890 2232 979 2292 utiles
1001 2237 1031 2290 et

59 2332 168 2390 magna
184 2317 344 2376 commoda
360 2318 438 2377 vitae
452 2319 616 2377 adferentis
633 2320 737 2377 lateor.

121 2399 213 2458 XXV
237 2399 314 2472 Quid
329 2416 401 2476 ergo
418 2407 485 2461 est?
507 2417 601 2476 quare
615 2401 683 2461 illas
696 2416 758 2461 non
772 2401 802 2459 in
818 2400 907 2460 bonis
925 2413 1029 2458 nume·
1045 2404 1061 2458 l

58 2499 121 2542 rem
137 2489 167 2541 et
187 2483 259 2556 quid
274 2493 426 2557 praestem
447 2483 477 2543 in
499 2485 557 2544 illis
581 2485 662 2544 aliud
684 2501 774 2559 quam
797 2500 862 2557 vos,
885 2482 1029 2558 quoniam

58 2569 136 2625 inter
149 2572 296 2640 utrosque
312 2568 452 2628 convenit
472 2568 637 2640 habendas,
659 2567 770 2629 audite.
796 2568 880 2628 Pone
901 2567 931 2626 in
954 2580 1028 2641 opu·
1109 2572 1110 2576 ’

59 2649 227 2710 lentissima
249 2664 298 2708 me
317 2650 418 2724 domo,
439 2668 520 2725 pone
537 2653 608 2724 [obt]
632 2668 736 2712 aurum
758 2659 979 2726 argentumque
999 2649 1028 2708 in

59 2732 235 2810 promiscuo
247 2750 307 2794 usu
318 2736 370 2794 sit:
387 2751 448 2794 non
460 2736 624 2809 suspiciam
641 2752 688 2794 me
702 2735 740 2796 ob
752 2736 818 2808 ista,
836 2751 914 2810 quae
926 2735 1028 2794 etiam·

58 2819 84 2878 si
100 2818 183 2891 apud
197 2833 254 2889 me,
277 2824 426 2878 extreme
445 2826 545 2879 tamen
566 2827 644 2879 sunt.
672 2819 706 2878 ln
724 2819 886 2880 sublicium
907 2823 1030 2894 pontem
1140 2817 1142 2821 ”

59 2918 106 2960 me
122 2903 252 2961 transier
272 2909 302 2962 et
320 2903 396 2961 inter
419 2910 543 2976 egentes
561 2902 664 2978 abige:
686 2920 746 2964 non
768 2903 837 2963 ideo
862 2911 961 2964 tamen
982 2916 1031 2959 me

59 2985 236 3060 despiciam,
259 2987 342 3060 quod
361 2987 390 3045 in
404 2987 523 3047 illorum
544 3003 669 3047 numero
693 2988 871 3059 consedere,
894 2985 947 3062 qui
968 2999 1029 3043 ma-

58 3086 130 3129 num
147 3070 186 3128 ad
201 3069 310 3145 stipem
325 3070 490 3144 porrigunt.
528 3068 602 3146 quid
616 3071 694 3130 enim
709 3072 749 3131 ad
764 3087 836 3144 rem,
852 3087 890 3130 an
905 3071 1031 3128 frustum

59 3154 147 3229 panis
163 3154 250 3228 desit
272 3156 320 3215 cui
343 3171 404 3214 non
425 3154 512 3214 deest
530 3153 607 3214 mori
627 3162 744 3230 posset
772 3154 850 3228 Quid
870 3169 942 3228 ergo
965 3158 1032 3212 est?

59 3239 182 3298 domum
203 3239 283 3297 illam
305 3237 496 3314 splendidam
516 3237 595 3298 malo
618 3255 709 3313 quam
731 3245 863 3315 pontem.
898 3237 979 3297 Pone
998 3236 1061 3297 inl

58 3323 231 3382 stramentis
248 3322 479 3398 splendentibus
494 3328 524 3382 et
538 3322 666 3382 delicato
681 3322 844 3399 adparatuz
867 3321 958 3382 nihilo
984 3336 1032 3380 me

59 3400 224 3465 feliciorem
239 3407 370 3478 credam,
395 3407 477 3482 quod
490 3404 562 3465 milri
578 3407 667 3465 molle
689 3407 744 3466 erit
758 3407 928 3480 amiculum,
949 3406 1033 3481 quod

59 3505 195 3565 purpura
209 3490 346 3551 convivis
360 3491 436 3550 meis
452 3490 669 3551 substernetur.
685 3489 784 3551 illatas
795 3488 1033 3568 magn[e'fieeou]·
