2438 3968
344 697 377 776 n.
404 693 541 776 initu
573 690 741 774 sunnin
849 814 852 818 Α

117 859 527 954 orttutnttttn
555 857 735 956 SUPER
762 857 973 956 extitit.

486 1042 608 1052 *ιι-.-

147 1184 166 1222 1.
405 1182 451 1224 nu
474 1180 675 1224 coasrcnu.

105 1249 229 1310 Corsica
242 1248 391 1309 Phocaico
406 1250 494 1309 telius
509 1248 640 1309 habitata
655 1251 780 1324 colono,

149 1333 286 1406 Corsica,
309 1348 388 1408 quae
403 1332 498 1408 patrio
514 1333 635 1392 nomine
650 1333 769 1410 Cyrnus
784 1349 867 1408 eras,

106 1417 231 1479 Corsica
244 1415 384 1477 Sardinia
397 1416 531 1489 brevior,
552 1419 722 1490 porrectior
735 1418 814 1492 liva,

147 1501 270 1562 Corsica
286 1500 418 1575 piscosis
434 1499 539 1575 pervia
552 1499 742 1574 fluminibus,

106 1586 229 1646 Corsica
242 1584 398 1657 terribilis,
418 1599 487 1643 ourn
500 1584 630 1657 primum
644 1584 799 1645 lnoanduit
811 1593 928 1661 aestas,
1008 1597 1024 1647 5

148 1667 288 1742 Saevior,
312 1667 443 1728 ostendit
458 1683 525 1726 curn
541 1667 623 1726 ierus
639 1684 693 1728 ora
707 1671 806 1741 oanis,

104 1754 197 1813 Parce
210 1750 365 1827 relegatis,
385 1751 519 1823 boensi,
541 1751 599 1809 iarn
615 1767 706 1824 parce
720 1754 862 1828 sepultis=

145 1836 292 1897 Vivorum
308 1834 400 1895 cineri
415 1833 455 1894 sit
469 1842 519 1894 tua
534 1840 613 1894 terra
627 1835 714 1895 levis.

126 1917 180 1978 ¹11.
441 1934 484 1977 nu
505 1934 639 1976 sanun.

106 2003 240 2064 Barbara
255 2002 426 2078 praeruptis
442 2002 559 2062 inclusa
572 2010 619 2062 est
633 2003 757 2064 Corsica
771 2005 871 2079 saxis,

145 2087 291 2161 Horrida,
314 2086 444 2148 desertis
457 2087 594 2161 undique
611 2094 695 2146 vasta
710 2087 796 2148 iocis.

104 2172 170 2232 Non
186 2188 277 2247 poma
291 2179 469 2242 autumnus,
492 2178 612 2246 segetes
627 2187 687 2230 non
702 2172 811 2231 educat
825 2180 940 2246 aestas,

149 2256 289 2330 Canaque
302 2255 436 2314 Palladio
452 2269 575 2313 munere
590 2255 696 2313 brunna
711 2262 802 2313 caret.

54 2392 56 2396 .
105 2338 283 2400 Umbrarum
297 2340 378 2398 nulio
393 2353 447 2398 ver
462 2344 509 2397 est
521 2337 660 2397 laetabile
675 2338 772 2409 foetu,
1008 2349 1026 2400 5

146 2422 293 2495 Nullaque
307 2423 336 2480 in
352 2421 483 2480 Infausta
498 2421 632 2479 nascitur
645 2420 738 2480 herba
753 2423 829 2480 soio.

104 2506 170 2565 Non
185 2505 288 2580 panis,
308 2521 368 2565 non
384 2505 511 2564 haustus
526 2519 639 2578 aquae,
661 2519 721 2563 non
739 2505 861 2564 ultimus
876 2503 969 2580 ignis:

146 2589 203 2648 Hie
217 2589 284 2648 soia
297 2587 373 2649 haee
388 2588 448 2648 duo
464 2593 547 2658 sunt,
572 2588 659 2646 exsui
677 2594 708 2647 et
722 2588 872 2648 exsilium.

147 2689 192 2731 111.
451 2686 630 2739 nonanta,

107 2754 207 2819 Oooisi
221 2755 355 2829 iugulum
371 2754 510 2829 quisquis
525 2755 670 2815 scrutaris
685 2754 787 2828 amici,

145 2843 190 2900 Tu
204 2838 347 2898 misarum
361 2839 491 2898 necdum
505 2854 553 2897 me
570 2839 644 2898 satis
661 2853 732 2898 esse
747 2845 857 2914 putast

104 2925 220 2985 Desara
235 2923 427 2982 confossum:
450 2922 556 2982 victori
570 2924 680 2981 volnus
695 2922 799 2997 iniquo

146 3007 331 3068 Mortiferum
345 3004 490 3080 inpressit
503 3011 621 3066 mortua
639 3020 734 3080 saepe
748 3023 866 3067 manus.

146 3109 187 3149 iv.
494 3104 592 3147 1rnn.

106 3174 249 3250 Quisquis
264 3191 314 3248 es,
327 3205 372 3219 -
384 3179 414 3232 et
424 3189 533 3234 nomen
545 3173 660 3232 dicant:
680 3171 768 3233 dolor
780 3173 880 3232 omnia
893 3170 974 3247 cogit
984 3204 1027 3224 «-
1064 3222 1069 3231 .

149 3259 202 3333 Qui
217 3266 353 3319 nostrum
369 3257 498 3317 cinerem
512 3271 607 3326 nuno,
627 3254 768 3327 inimice,
781 3257 892 3332 promis

106 3343 142 3403 Et
155 3359 216 3403 non
232 3349 391 3403 contentus
406 3342 496 3403 tantis
510 3339 679 3414 subitisque
693 3341 788 3400 ruinis

147 3427 274 3503 Stringis
290 3425 319 3486 in
336 3425 515 3487 exstinctum
529 3426 588 3484 teia
603 3429 726 3484 eruenta
740 3433 845 3500 eaput:
