2438 3968
198 245 241 309 tt
486 248 520 306 L.
542 246 691 323 anatur
712 219 887 308 sanator

168 397 256 458 lhos
282 404 381 457 tamen
406 396 534 473 Hispani
560 397 697 471 Gallique
717 403 747 456 el
765 396 859 456 Asiae
879 393 1050 474 Syriaeque
1065 398 1176 462 molles

196 480 277 541 bello
301 480 372 552 viri,
399 489 560 555 antequam
585 479 663 555 legin
690 479 817 552 visatur,
844 481 974 540 caedunt
1000 481 1040 541 ob
1060 482 1177 544 nullam

197 565 287 624 aliam
306 580 371 624 rem
396 572 586 640 opportunos
613 580 704 637 quarn
724 562 920 624 iracundiam.
953 566 1097 638 Agedum
1116 566 1177 627 illis

197 649 394 723 corporibus,
411 649 470 709 illis
486 649 594 708 animis
610 647 750 720 deliciaS,
772 649 892 719 luxum,
915 663 991 722 opes
1006 647 1176 723 ignoranti·

196 731 254 792 bus
276 733 316 793 da
335 733 498 806 rationem,
524 734 565 792 da
584 731 789 806 disciplinam:
814 738 847 792 ut
861 731 902 790 nil
918 730 1047 806 amplius
1064 731 1176 809 dicam,

166 823 326 877 enecasse
340 815 396 877 erit
410 824 494 876 certe
514 816 604 875 nobis
621 831 723 876 mores
744 815 900 875 Romanos
917 810 1067 890 repetere.
1108 817 1176 890 Quo

195 899 254 959 alio
269 899 381 960 Fabius
397 899 534 960 adiectas
547 897 665 973 imperii
685 899 768 958 vires
788 899 951 972 recreavit,
974 915 1068 972 quarn
1091 901 1188 976 quod.

195 983 329 1043 cunctari
344 989 375 1044 et
388 983 508 1042 trahere
522 989 553 1042 et
566 983 677 1042 morari
698 981 799 1055 scivit,
822 998 901 1057 quae
921 982 1023 1044 omnia
1037 982 1108 1044 irati
1123 1000 1176 1045 ne-

194 1067 317 1126 sciunt?
347 1066 480 1126 Perierat
493 1065 660 1140 imperium,
681 1065 765 1141 quod
779 1073 849 1126 tunc
863 1067 892 1125 in
907 1073 1042 1127 extremo
1063 1067 1175 1140 stabat,

193 1149 220 1208 si
234 1149 346 1210 Fabius
361 1155 476 1210 tanturn
490 1166 586 1210 ausus
606 1158 689 1210 asset
709 1156 855 1223 quantum
874 1149 920 1210 ira
935 1149 1101 1211 suadebaa
1124 1151 1176 1213 lra-

194 1232 259 1292 buit
272 1234 302 1291 in
319 1233 446 1294 consilio
462 1235 614 1294 fortunam
634 1232 787 1308 publicam
806 1240 837 1293 et
856 1232 1022 1294 aestimatis
1043 1222 1174 1309 viribus,

195 1330 234 1374 ex
253 1317 364 1396 quibus
381 1317 439 1377 iam
456 1316 555 1392 perire
577 1316 650 1376 nihil
670 1317 737 1377 sine
760 1317 903 1378 universo
926 1323 1061 1392 poterat,
1085 1319 1174 1381 dolo·

192 1414 257 1459 reru
272 1402 479 1476 ultionemque
494 1401 641 1476 seposuit.
674 1401 704 1460 in
714 1417 805 1460 unam
816 1400 972 1462 utilitatem
986 1409 1017 1460 et
1031 1403 1173 1463 occasio·

163 1482 250 1545 lines
277 1485 411 1547 intentus
436 1486 512 1546 iram
536 1490 606 1544 ante
630 1483 701 1544 vicit
727 1501 818 1557 quam
842 1483 1052 1544 Hannibalern.
1094 1485 1173 1560 Quid

193 1566 320 1645 sepior
353 1586 415 1629 non
435 1569 541 1631 relicto
560 1568 730 1629 Hannibale
744 1576 775 1628 el
788 1567 902 1628 Punico
918 1568 1056 1628 exercitu
1077 1570 1171 1631 omui·

191 1651 314 1728 busque
330 1653 441 1728 quibus
455 1653 648 1713 irascendum
663 1659 736 1726 erat,
748 1652 859 1711 bellum
874 1652 904 1711 in
922 1651 1060 1712 Africam
1074 1661 1171 1715 nans·

191 1734 258 1794 tulit
270 1743 330 1796 tarn
345 1738 459 1811 lentus,
475 1744 508 1797 ut
522 1736 696 1811 opinionem
718 1735 856 1796 luxuriae
876 1735 1091 1812 segnitiaeque
1110 1754 1170 1800 ma·

163 1817 282 1892 ilignis
304 1821 410 1879 darell
451 1820 530 1893 Quid
549 1822 624 1879 aller
643 1818 768 1895 Sulpici
798 1836 860 1879 non
881 1819 962 1880 circa
981 1819 1172 1883 Numantiam

192 1903 317 1961 multum
332 1903 447 1976 diuque
461 1901 542 1962 sedit
557 1911 586 1962 et
600 1903 681 1962 huno
695 1918 785 1961 suum
803 1903 1017 1978 publicumque
1030 1904 1172 1966 dolorem

191 1999 291 2060 aequo
307 1986 406 2044 anime
422 1985 502 2056 tulit,
518 1986 631 2045 diutius
650 1985 838 2046 Numantiam
853 2003 945 2061 quam
959 1985 1172 2063 Carthaginem

193 2068 295 2127 vineit
329 2070 400 2128 dum
417 2069 622 2129 circumvallat
636 2076 666 2128 el
680 2069 805 2130 includit
818 2069 953 2142 hostem,
970 2084 1007 2129 eo
1023 2074 1170 2148 conpulit,

160 2149 223 2210 dul
236 2152 316 2211 lerro
332 2152 391 2227 ipsi
413 2169 470 2213 suo
487 2153 639 2213 caderent.
681 2152 749 2213 Non
774 2154 945 2227 ostiaque
966 2153 1049 2215 utilis
1076 2171 1119 2218 ne
1143 2159 1170 2217 in

190 2236 315 2308 proeliis
331 2235 454 2310 quidem
469 2243 520 2296 aut
534 2237 621 2297 bellis
636 2237 690 2296 ira.
720 2237 751 2297 in
766 2239 962 2298 temeritatem
976 2236 1057 2298 enim
1070 2256 1171 2315 prona

190 2327 251 2389 est,
274 2327 304 2380 et
318 2320 454 2395 pericula
468 2321 540 2380 dum
555 2321 666 2381 inferre
681 2322 758 2392 vult,
780 2337 840 2381 non
862 2330 958 2383 cavet.
992 2321 1049 2381 Illa
1064 2326 1170 2387 certis-

189 2405 267 2463 sima
282 2411 330 2465 ast
345 2404 442 2464 virtus
464 2420 543 2479 quaa
564 2420 599 2463 se
620 2405 673 2464 diu
692 2404 879 2478 multumque
900 2406 1125 2480 circumspexit
1143 2414 1171 2469 et

187 2488 267 2548 rexit
280 2496 311 2549 el
325 2504 363 2548 ex
378 2489 460 2550 lento
477 2503 512 2548 ac
527 2488 677 2549 destinato
694 2489 843 2562 provexit.

160 2576 175 2628 1
248 2572 313 2632 XII.
335 2573 434 2647 „Quid
450 2579 545 2646 ergo?
567 2572 701 2646 [inquit‚]
716 2572 877 2633 virbonus
892 2588 952 2632 non
967 2572 1126 2650 irascitur,
1146 2574 1170 2637 si

189 2656 276 2714 caedi
292 2664 408 2730 patrem
424 2673 513 2717 suurn
526 2655 644 2727 viderit,
660 2657 688 2716 si
701 2656 768 2730 rapi
782 2659 951 2716 ιιιιιιιθιιιιιι
971 2655 1039 2717 Non
1055 2657 1169 2723 irasae·

188 2745 252 2809 tur,
273 2741 329 2799 sed
343 2739 524 2812 vindicabit,
540 2741 597 2799 sed
610 2740 750 2800 tuebitur.
783 2738 860 2813 Quid
875 2746 996 2800 autem?
1016 2739 1120 2818 limes,
1135 2757 1171 2804 ue

188 2836 295 2896 parum
316 2839 445 2897 magnus
466 2824 508 2883 illi
523 2823 662 2884 stimulus
677 2824 767 2883 eliam
782 2823 848 2883 sine
862 2824 908 2882 ira
922 2823 1019 2898 pietas
1035 2826 1101 2886 siti
1122 2832 1172 2889 aul

187 2903 237 2964 dic
257 2907 367 2966 eodem
387 2908 496 2967 modo=
518 2906 597 2980 Quid
610 2913 706 2983 ergol
727 2923 796 2967 cuno
809 2906 912 2967 videat
932 2906 1031 2968 secari
1051 2917 1170 2985 patrem

187 3005 276 3048 suurn
292 2989 440 3064 filiumve,
454 2991 501 3050 vir
515 2991 616 3051 bouus
631 3007 693 3052 non
708 2989 793 3051 flebit
806 3005 864 3050 nec
877 2990 1030 3065 linquetur
1045 2993 1172 3057 animal

187 3087 267 3147 quae
280 3074 422 3134 accidere
436 3074 556 3135 leminis
572 3073 726 3147 videmus,
749 3075 890 3149 quotiens
911 3074 978 3135 illas
992 3075 1073 3137 levis
1088 3077 1170 3154 peri·

156 3157 244 3215 acuti
265 3157 402 3232 suspicio
426 3159 563 3233 perculit.
585 3157 706 3218 ¹Ollicia
727 3174 784 3218 sua
803 3158 964 3219 virbonus
986 3171 1171 3237 exsequitur

185 3239 381 3314 inconfusus,
402 3241 582 3316 intrepidus.
611 3250 643 3302 et
661 3242 707 3301 sic
721 3242 803 3303 bono
819 3240 884 3302 viro
900 3242 1119 3319 dignefactae,
1141 3250 1171 3307 ul

185 3322 257 3382 nibil
286 3323 377 3384 iaciat
397 3326 462 3386 viro
487 3327 653 3400 indignum.
696 3324 786 3388 Pater
806 3325 965 3387 caedetur:
992 3327 1170 3391 delendam.

155 3407 295 3468 tcaesus
311 3415 373 3468 est:
388 3423 558 3483 exsequar,
579 3409 651 3484 quia
665 3414 800 3483 oportet,
814 3426 875 3470 non
893 3408 965 3484 quia
978 3410 1070 3470 dolet
1098 3412 1170 3475 Cum

184 3489 244 3551 huc
259 3492 351 3570 dicia,
367 3491 592 3567 Theophrasto,
616 3495 739 3568 quaeris
755 3491 899 3553 invidiam
914 3496 1091 3570 praeceptis
1111 3497 1168 3560 lor·
