2438 3968
183 245 246 310 204
384 249 418 308 L.
437 247 583 308 ANNAEI
605 247 778 307 SENECAE
800 247 901 307 DIAL.
914 247 951 306 X.

184 409 331 476 percepta
345 409 425 460 sunt.
449 401 487 459 de
504 407 604 459 cetero
620 401 682 460 lors
695 401 830 472 lortuna,
851 407 885 461 ut
898 401 994 471 volet,
1017 400 1152 461 ordinet=

185 484 247 546 vita
266 485 325 543 iam
345 484 376 542 in
393 491 457 544 tuto
473 490 528 543 est.
563 481 635 543 huie
649 483 726 543 adici
743 492 858 558 potest,
879 484 997 543 detrahi
1012 484 1101 557 nihil,
1123 493 1154 545 et

184 568 264 628 adici
275 567 334 641 sie,
350 567 605 642 quemadmodum
616 575 719 627 saturo
732 567 790 625 iam
802 584 838 627 aa
849 568 940 641 pleno
953 567 1069 643 aliquid
1077 569 1153 628 eibi:

144 651 270 727 loquod
290 665 348 710 neo
370 651 537 720 desiderat,
561 651 650 724 capit.
682 650 748 710 Non
766 658 814 710 est
829 651 932 725 itaque
947 653 1032 726 quod
1046 669 1152 726 quem·

183 751 276 810 quam
289 740 413 810 propter
427 749 522 794 oanos
535 742 586 793 aut
596 749 688 807 rugas
699 741 789 808 putes
801 735 853 794 diu
864 735 995 794 vixisse:
1016 743 1090 808 [non
1102 736 1153 795 ille

184 817 339 890 diu'vixit,
357 818 424 890 sed]
441 818 493 877 diu
504 818 567 876 luit.
590 817 666 890 Quid
679 820 774 890 enim,
790 817 817 877 si
828 817 911 878 illum
923 820 1049 879 multum
1059 826 1152 894 putes

183 902 362 976 navigasse,
386 917 476 976 quem
491 916 585 961 saeva
598 909 763 976 tempestas
778 917 798 961 a
812 908 901 975 portu
916 909 1077 977 exceptum
1092 903 1152 962 huo

184 995 215 1046 et
227 986 298 1045 illuc
310 984 377 1045 tulit
391 1001 427 1044 ao
438 985 556 1044 vicibus
566 991 724 1045 ventorum
736 1000 775 1043 ex
787 985 910 1045 diverso
923 985 1086 1046 furentium
1099 1003 1152 1061 per

184 1069 292 1128 eadem
311 1068 412 1143 spatia
432 1069 462 1128 in
483 1069 588 1129 orbem
602 1069 683 1142 egita
710 1083 770 1127 non
786 1069 835 1127 ille
849 1068 975 1129 multum
989 1070 1153 1145 navigavit,

184 1153 240 1212 sed
255 1153 379 1214 multum
393 1152 520 1212 iactatus
535 1158 591 1211 est.

156 1241 171 1290 1
244 1236 324 1296 Vlll.
345 1236 448 1296 Mirari
463 1238 564 1308 soleo,
585 1251 653 1295 oum
668 1235 758 1296 video
775 1236 895 1311 aliquos
909 1244 1029 1311 tempus
1046 1245 1151 1312 peten-

182 1327 230 1381 tes
242 1328 272 1380 et
281 1336 353 1391 eos,
369 1321 421 1395 qui
431 1328 585 1394 rogantur,
601 1319 776 1380 facillimos:
798 1320 872 1379 illud
883 1324 1011 1394 uterque
1023 1328 1150 1395 spectat,

183 1414 310 1480 propter
324 1403 407 1480 quod
421 1409 542 1478 tempus
556 1403 680 1478 petitum
696 1411 756 1475 est,
777 1403 879 1478 ipsum
895 1403 1018 1479 quidem
1034 1412 1150 1464 neuter.

183 1490 274 1565 quasi
294 1488 366 1548 nihil
382 1485 506 1562 petitur,
531 1485 619 1562 qnasi
633 1485 706 1546 nihil
721 1487 809 1547 datur
823 1503 872 1547 res
889 1487 1020 1547 omnium
1039 1489 1150 1563 pretio-

183 1573 320 1633 sissima:
343 1571 462 1632 luditur.
488 1570 575 1631 Fallit
591 1578 690 1630 autem
703 1570 786 1643 illos,
803 1571 874 1646 quia
885 1586 935 1630 res
947 1570 1152 1647 incorporalis
1201 1596 1205 1611 ·

182 1664 245 1731 est,
267 1655 339 1731 quia
359 1656 417 1715 sub
433 1656 541 1715 oeulos
556 1671 617 1714 non
632 1655 727 1726 venit,
748 1654 882 1729 ideoque
898 1655 1046 1715 vilissima
1060 1658 1150 1715 aesli-

153 1746 294 1813 tmatur‚
316 1739 407 1798 immo
423 1754 521 1813 paene
533 1739 646 1797 nullum
658 1738 723 1797 eius
738 1739 865 1813 pretium
877 1746 933 1799 est.
954 1740 1068 1798 Annua
1079 1755 1150 1799 eon-

183 1823 278 1897 giaria
292 1822 432 1882 homines
447 1820 606 1882 clarissimi
620 1821 772 1896 accipiunt
785 1830 815 1882 et
829 1823 883 1894 [in]
898 1822 947 1882 his
962 1830 1015 1882 aut
1025 1839 1152 1898 operam

183 1911 235 1965 aut
246 1906 428 1979 diligentiam
442 1906 652 1965 suamloeant=
667 1921 755 1966 nemo
764 1906 1039 1981 aestimattempus.
1062 1914 1150 1967 utun-

182 1997 231 2050 tur
244 1988 296 2048 illo
312 1990 412 2049 laxius
429 1990 517 2064 quasi
532 1989 672 2062 gratuito.
705 1989 875 2050 aleosdem
889 2005 999 2065 aegros
1014 1989 1101 2065 vide,
1124 1992 1151 2050 si

166 2071 287 2134 mortis
310 2071 476 2148 perieulum
497 2071 625 2147 propius
640 2080 689 2133 est
705 2073 874 2146 admotum,
895 2074 1085 2136 medicorum
1099 2092 1151 2149 ge-

182 2174 243 2218 nua
261 2164 431 2232 tangentes.
467 2157 494 2216 si
515 2164 652 2217 metuunt
671 2157 799 2232 capitale
822 2157 1020 2232 supplicium,
1050 2160 1152 2219 omnia

182 2258 255 2314 sua,
276 2248 310 2301 ut
323 2239 428 2301 vivant
441 2248 564 2317 paratos
579 2239 761 2315 inpendere=
783 2247 867 2300 tanta
880 2242 909 2300 in
923 2239 981 2301 illis
994 2241 1152 2303 discordia

153 2325 356 2388 dadlealuum
371 2332 427 2385 est.
459 2324 575 2398 Quodsi
589 2331 695 2399 posset
705 2325 961 2400 quemadmodum
972 2327 1151 2400 praeterito·

181 2426 247 2469 rum
261 2425 409 2469 annorum
424 2411 573 2484 cuiusque
587 2425 731 2469 numerus
745 2409 891 2485 proponi,
907 2409 953 2469 sio
964 2411 1150 2472 futurorum:

183 2495 338 2568 quomodo
359 2493 414 2564 illi,
444 2493 496 2567 qui
520 2508 635 2566 paucos
657 2492 795 2552 viderent
809 2507 991 2568 superesse,
1016 2494 1149 2569 trepida-

180 2585 263 2650 rent,
284 2577 439 2652 quomodo
456 2576 515 2636 illis
533 2583 715 2651 parcerent?
736 2575 830 2650 Atqui
845 2576 932 2636 laoile
947 2583 995 2638 est
1009 2577 1151 2652 quamvis

181 2660 324 2734 exiguum
347 2660 542 2736 dispensare,
565 2660 649 2733 quod
664 2667 777 2720 eertum
792 2667 854 2721 est:
881 2659 913 2719 id
927 2660 1019 2721 debet
1032 2661 1151 2721 servari

152 2742 368 2817 tdiligentius,
386 2744 470 2819 quod
485 2744 606 2804 nescias
619 2743 742 2818 quando
756 2743 886 2804 deficiat.
906 2742 969 2804 Neo
980 2751 1151 2818 esttamen,

183 2826 267 2902 quod
284 2836 371 2902 putes
387 2829 456 2887 illos
470 2827 626 2902 ignorare,
647 2844 737 2902 quarn
753 2843 824 2888 cara
838 2843 889 2888 res
903 2827 970 2886 sita.
981 2828 1085 2888 dicere
1098 2845 1150 2888 so·

181 2911 244 2971 lent
257 2911 318 2983 eis,
340 2929 420 2987 quos
435 2911 611 2972 valdissime
621 2910 763 2986 diligunt,
784 2919 908 2986 paratos
920 2927 954 2970 se
966 2919 1084 2987 partem
1096 2929 1149 2972 an·

181 3011 290 3055 norum
310 3012 435 3057 suorum
458 2995 540 3054 dare.
577 2995 650 3054 dant
669 3011 725 3054 nec
747 2995 936 3071 intellegunt:
959 2995 1033 3056 dant
1049 3003 1150 3056 autem

181 3081 237 3152 ita,
259 3088 292 3140 ut
314 3080 381 3140 sine
400 3079 520 3139 illorum
542 3079 726 3138 incremento
747 3079 804 3139 sibi
820 3078 986 3139 detrahant.
1019 3081 1076 3139 sed
1091 3080 1150 3139 hoc

181 3163 296 3237 ipsum,
319 3180 358 3223 an
379 3163 550 3234 detrahant,
571 3162 719 3222 nesciunt.
751 3163 820 3223 ideo
841 3160 1008 3223 tolerabilis
1023 3172 1071 3224 est
1090 3163 1149 3222 illis

152 3245 296 3308 diaotura
311 3247 480 3308 detrimenti
500 3247 629 3307 latentis.
661 3245 755 3307 Nemo
771 3248 907 3308 restituet
922 3262 1037 3320 annos,
1058 3262 1150 3306 nemo

181 3329 287 3389 iterum
301 3337 331 3390 te
346 3329 400 3391 tibi
413 3330 531 3392 reddet.
553 3330 620 3403 ibit,
645 3347 706 3405 qua
719 3332 835 3405 eoepit,
858 3339 942 3392 aetas
955 3346 1013 3392 neo
1026 3346 1149 3392 rursum

180 3428 270 3472 suum
293 3420 343 3473 aut
364 3414 521 3475 revocabit
540 3422 592 3474 aut
611 3415 788 3488 supprimet.
818 3415 890 3474 nihil
911 3415 1149 3484 tumultuabitur,

179 3497 252 3556 nibil
268 3496 443 3557 admonebit
456 3497 626 3557 velocitatis
641 3513 730 3557 suae:
759 3497 848 3558 tacita
863 3499 989 3559 labetur.
1021 3515 1084 3560 non
1099 3498 1149 3557 illa
