2438 3968
143 265 197 326 Al)
220 263 443 326 GALLIONEM
464 267 515 328 DE
537 267 630 368 VlTA
643 269 783 330 ΒΕΑΤΑ.
808 279 926 334 15—18.
970 269 1032 334 15³

58 417 148 478 nibus
163 416 318 491 tangarisv
340 432 434 491 quare
455 418 564 477 cultius
578 433 632 478 rus
646 417 700 478 tibi
714 425 762 478 est
775 435 867 494 qnam
886 422 1030 481 naturalis
1045 428 1063 482 ι

58 516 134 562 usus
150 500 325 560 desiderata
346 516 401 560 cur
419 517 481 562 non
496 500 535 560 ad
552 501 774 576 praescriptum
790 511 874 564 tuum
895 513 1031 566 coenas?

39 599 113 644 ¹cur
127 583 181 645 tibi
195 581 318 644 nitidior
333 584 473 658 supellex
490 591 558 644 est?
580 600 635 644 cur
655 586 738 659 apud
759 593 789 646 te
810 587 911 646 vinum
933 596 1031 650 aetate

57 676 109 729 tua
122 668 271 728 vetustius
285 666 417 729 bibitura
439 683 493 727 cor
506 683 612 728 arvum
622 668 814 743 disponitur?
834 686 888 730 cur
903 670 1031 733 arbores

56 750 130 812 nibil
146 759 267 826 praeter
281 751 417 811 umbram
433 752 558 812 daturae
573 759 820 813 conservantur?
841 771 937 828 quare
951 771 1031 815 uxor

55 844 108 897 tua
123 832 285 910 locupletis
303 835 414 895 domus
431 849 557 895 censum
579 835 704 896 auribus
724 836 822 910 geritt
841 854 936 912 qnare
958 855 1029 913 pae

56 917 222 994 dagogium
236 919 372 993 pretiosa
385 927 471 978 vesta
486 919 692 993 subctngiturr
711 936 807 994 quare
822 938 872 982 ars
884 930 932 983 εει
946 923 1030 998 apud

55 1010 85 1063 te
100 1001 271 1062 ministrare
285 1017 342 1062 nec
356 1011 469 1062 temere
484 1011 514 1063 et
533 1001 652 1062 utlibet
666 1005 842 1065 conlocatur
862 1013 1028 1080 argentum,

56 1086 113 1147 sed
129 1086 224 1162 perita
240 1085 409 1146 servituret
427 1095 475 1146 est
489 1086 600 1160 aliquis
620 1085 780 1149 scindendi
798 1089 920 1150 obsonii
937 1091 1029 1164 magi-

56 1176 140 1230 stert
160 1169 258 1244 adice,
282 1168 309 1229 si
323 1170 380 1241 vis,
401 1184 455 1230 cur
474 1177 557 1230 trans
581 1185 664 1230 mare
683 1171 850 1245 possidear
869 1189 924 1232 cur
943 1175 1031 1249 plura

57 1270 149 1329 quam
163 1254 264 1314 nosti?
285 1254 413 1328 turpiter
425 1259 478 1313 aut
491 1263 551 1314 tarn
564 1255 730 1328 neglegens
745 1271 790 1329 es,
810 1263 918 1316 utnon
936 1273 1029 1318 nove-

55 1337 101 1398 ris
115 1337 266 1413 pauculos
281 1353 399 1409 servos,
416 1344 468 1398 aut
478 1343 539 1398 tam
553 1337 738 1410 luxuriosus,
754 1348 787 1400 ut
795 1341 899 1414 plures
913 1340 1028 1401 babeas

57 1437 149 1497 quam
162 1437 292 1497 quornm
303 1420 425 1481 notitiae
439 1422 584 1480 memoria
595 1421 754 1485 sufficiat“
768 1423 932 1485 Adiuvabo
944 1429 1027 1499 post·
1040 1432 1059 1487 3

55 1506 158 1578 modo,
183 1503 323 1565 convicia
340 1512 370 1565 et
382 1505 469 1580 plura
483 1505 553 1564 mihi
568 1521 659 1580 quarn
676 1513 766 1580 putas
788 1506 927 1580 obiciam
948 1522 1030 1568 nune

55 1588 115 1649 hoe
129 1589 304 1663 respondeo
325 1588 392 1648 tibia
415 1603 477 1649 non
497 1605 566 1648 sum
586 1589 713 1663 sapiens
735 1597 779 1663 et,
801 1599 834 1651 ut
853 1591 1029 1652 malivolen-

56 1673 127 1732 tiam
145 1680 226 1733 tuam
248 1687 382 1747 pascam,
397 1687 454 1732 neo
475 1687 538 1732 ero.
565 1672 654 1747 exige
674 1673 776 1748 itaqua
797 1690 816 1734 a
836 1690 893 1748 me,
915 1682 1028 1737 utnon

57 1756 179 1831 optimis
194 1773 250 1831 par
270 1756 338 1829 sim,
352 1756 410 1815 sed
429 1761 462 1815 ut
475 1754 562 1816 malls
577 1757 697 1817 melior=
719 1756 779 1818 hoc
793 1758 866 1819 mihi
879 1758 954 1821 satis
972 1766 1027 1833 est,
1142 1767 1145 1774 '

57 1839 169 1900 cotidie
197 1840 312 1915 aliquid
332 1855 371 1899 ex
393 1839 471 1899 vitiis
491 1839 567 1900 meis
593 1841 716 1901 demere
742 1848 773 1902 et
795 1857 915 1904 errores
941 1858 1027 1903 meos

56 1923 226 1998 obiurgare.
248 1924 315 1984 Non
330 1923 455 1999 perveni
469 1924 510 1983 ad
523 1925 691 1998 sanitatem,
709 1940 748 1984 ne
770 1926 944 2000 perveniam
962 1927 1057 2003 qui-4

57 2007 135 2068 dem.
166 2006 368 2068 delenImenta
382 2006 479 2080 magis
501 2023 593 2082 quarn
610 2008 747 2069 remedIa
765 2010 922 2084 podagrae
943 2024 1030 2071 meae

57 2106 210 2166 conpono,
225 2097 396 2164 contentus,
415 2089 441 2150 si
454 2090 553 2153 rarius
568 2092 687 2153 accedit
700 2101 731 2153 et
750 2093 778 2153 si
799 2093 897 2154 minus
920 2094 1028 2155 vermi·

57 2181 158 2236 natur:
181 2176 291 2236 vesuta
307 2175 428 2252 quidem
447 2175 576 2249 pedibus
597 2183 782 2251 conparatus
795 2176 906 2238 debilis
922 2192 1030 2238 cursor

56 2273 134 2318 sum.
157 2260 240 2320 Haec
253 2275 314 2320 non
328 2274 384 2334 pro
402 2274 450 2318 me
464 2260 583 2334 loquor,
599 2275 657 2335 ego
674 2261 753 2320 enim
765 2259 798 2320 In
812 2263 872 2321 alto
889 2260 1030 2323 vitiorum

28 2368 34 2379 1
56 2341 190 2402 omnium
206 2359 284 2416 sum,
298 2344 354 2403 sed
369 2359 425 2418 pro
442 2342 503 2414 illo,
519 2342 569 2403 cui
582 2344 698 2418 aliquid
709 2344 768 2404 acti
784 2351 840 2404 est.
1061 2390 1064 2398 .

118 2425 225 2485 XVIII.
245 2426 377 2500 ,Alitem
399 2425 512 2501 lnquit,
533 2427 678 2502 loqueriS,
699 2428 785 2488 aliter
805 2428 914 2487 vivis.“
954 2427 1056 2502 Humi

56 2507 275 2582 malIgnissIma
290 2509 391 2584 capita
409 2516 439 2569 et
459 2510 573 2584 optimo
593 2509 704 2585 cuique
723 2509 940 2586 inimicissima,
963 2511 1029 2571 Pla-

56 2590 121 2653 toni
144 2590 294 2652 obiectum
315 2600 378 2667 εει,
399 2592 550 2655 obiectum
563 2594 713 2669 Epicuro,
737 2595 889 2656 obiectum
905 2594 1029 2657 Zenoni.

57 2692 165 2737 ornnes
173 2676 253 2736 enim
265 2674 317 2736 isti
329 2677 539 2738 dicebantuon
547 2679 803 2754 quemadmodum
816 2677 876 2754 ipsi
883 2680 1029 2754 viuerent,

57 2759 114 2821 sed
128 2761 385 2836 quemadmodum
396 2768 481 2821 esset
493 2761 570 2836 ipsis
583 2763 756 2822 vivendum.
778 2763 823 2823 De
839 2764 954 2836 vlrtute,
970 2781 1032 2824 noa

57 2845 96 2903 de
117 2859 166 2904 me
186 2846 306 2921 loquor,
327 2851 358 2905 et
377 2860 447 2904 cum
466 2846 546 2907 vitiis
566 2846 739 2906 convicium
759 2848 853 2921 facio,
874 2847 904 2906 in
925 2848 1031 2923 primis

56 2926 133 2988 mels
154 2928 249 2989 lacior
271 2944 340 2989 cum
355 2935 494 3004 potuero,
514 2930 615 2990 vivam
634 2931 790 3004 quomodo
811 2937 940 3007 oportet.
967 2932 1058 2992 Ncet

57 3011 226 3086 malignitas
243 3028 292 3074 me
312 3011 375 3074 ista
387 3013 481 3072 multo
497 3029 614 3074 veneno
633 3015 727 3074 tincta
739 3013 904 3077 deterrebit
922 3015 961 3075 ab
977 3031 1031 3091 op·

56 3093 147 3156 timis.
169 3113 208 3157 ue
224 3097 308 3159 virus
320 3095 443 3174 quidem
457 3094 549 3168 istud,
565 3115 627 3172 qno
639 3099 717 3159 alios
733 3099 886 3174 spargitis,
899 3115 961 3175 quo
975 3115 1032 3161 vos

56 3181 183 3255 necatis,
198 3196 247 3242 me
261 3181 405 3257 iupediet,
426 3197 487 3256 quo
503 3181 602 3242 minus
624 3197 819 3258 perseveram
839 3181 966 3243 laudare
987 3183 1031 3243 vi-

57 3269 127 3337 tam,
151 3281 212 3326 non
228 3282 320 3342 quam
334 3281 403 3340 ago,
418 3266 476 3325 scd
490 3281 580 3341 quam
596 3266 745 3341 agendam
761 3268 835 3341 scio,
858 3267 1032 3342 quominus

56 3347 195 3409 vlrtutem
213 3355 243 3409 et
256 3366 296 3410 ex
307 3349 465 3410 intervallo
482 3349 594 3424 ingenti
608 3349 818 3425 reptabundus
830 3366 952 3427 sequar.
973 3351 1063 3412 Etr-³

56 3433 204 3506 spectabo
225 3433 358 3508 scilieet,
377 3439 412 3494 ut
432 3434 596 3509 quicquam
615 3433 838 3495 malivolentiae
859 3435 1036 3496 inviolatum

56 3515 104 3587 sit
123 3515 173 3578 cui
187 3532 275 3578 sacer
289 3533 346 3578 nec
358 3517 488 3579 Rutilius
504 3518 558 3578 luit
572 3533 629 3577 nec
642 3517 736 3578 dator
762 3517 851 3580 Curet
865 3517 981 3595 aliquia,
998 3533 1037 3577 an
