2438 3968
163 242 216 300 AD
236 240 420 300 MARCIAM
443 240 492 299 DE
515 238 815 299 CONSOLATIONE.
840 249 924 302 2-4.
971 239 1030 303 115

56 401 236 470 gratumque
252 392 378 451 extremi
395 407 565 450 sermonem
587 392 649 451 oris
664 391 793 452 haurire.
819 394 910 468 longo
926 395 1031 455 itinere

54 475 201 552 reliquias
228 475 319 536 Drusi
351 476 397 534 sui
429 482 593 549 prosecuta
624 482 668 535 tot
692 492 747 550 per
772 492 893 538 omnem
917 479 1031 540 ltaiiam

56 561 233 620 ardentibus
254 559 353 634 rogis,
376 559 465 633 quasi
487 559 596 620 totiens
617 559 700 619 ilium
720 560 883 636 amitteret,
904 562 1032 637 inritata,

56 654 88 705 ut
110 645 237 719 primum
259 650 359 702 tamen
382 643 480 703 intulit
500 645 630 717 tumulo,
652 643 741 704 simul
762 651 791 703 et
806 645 888 704 iilum
902 652 932 706 et
947 647 1032 707 doto-

55 746 121 788 rem
142 744 231 789 suurn
253 729 369 801 posuit,
397 743 454 786 nec
476 727 545 802 plus
568 727 664 788 doluit
684 745 776 804 quam
797 735 848 789 aut
868 728 1031 791 honestum

56 821 121 872 erat
136 811 258 872 Caesari
272 819 324 871 aut
337 828 470 886 aequum
484 813 579 872 matri.
606 829 667 872 non
689 811 779 872 desiit
794 812 927 888 denique
941 814 1030 873 Drusi

56 897 104 957 sui
121 897 275 956 celebrare
290 912 416 971 nornen,
437 895 552 970 ubique
566 896 648 956 illum
665 896 723 956 sibi
739 897 878 970 privatim
895 896 1030 973 publice-

57 995 117 1055 que
141 986 388 1055 repraesentare,
422 978 619 1040 libentissime
645 981 683 1039 de
708 980 758 1041 illo
785 982 884 1057 loqui,
916 983 953 1040 de
979 981 1029 1041 iilo

57 1065 176 1125 audire:
205 1079 273 1123 cum
293 1063 439 1123 memoria
457 1064 539 1124 iltius
559 1064 655 1137 vixpt.
690 1070 789 1140 quam]
815 1081 904 1126 nemo
931 1073 1031 1139 potest

54 1149 186 1207 retinere
211 1154 240 1207 et
260 1149 466 1221 frequentare,
494 1147 546 1222 qui
570 1148 652 1207 iilam
672 1148 787 1208 tristem
809 1149 868 1209 sibi
888 1149 1029 1209 reddidit.

54 1232 139 1307 Elige
154 1230 265 1306 itaque,
281 1240 381 1290 utrum
396 1234 569 1306 exemplum
584 1240 673 1305 putes
689 1232 894 1307 probabilium
915 1234 942 1294 si
956 1234 1059 1294 illud3

56 1315 141 1390 prius
163 1315 252 1389 sequi
267 1316 330 1387 vis,
353 1313 461 1374 eximis
476 1323 505 1375 te
520 1331 645 1376 numero
660 1316 808 1375 vivorum.
836 1317 1029 1376 aversaberis

55 1409 85 1460 et
99 1400 215 1458 alienos
230 1399 343 1458 liberos
359 1407 389 1458 et
402 1405 480 1472 tuos,
497 1399 626 1474 ipsaque
639 1399 820 1460 desiderans
832 1398 917 1460 triste
929 1400 1029 1459 matri-

54 1485 114 1543 bus
141 1499 229 1543 omen
262 1498 438 1555 occurrere,
467 1485 639 1556 voluptates
665 1484 826 1557 honestas,
854 1485 1029 1558 permissas
1085 1487 1088 1495 '

55 1577 210 1641 tamquam
236 1582 342 1640 parum
370 1566 500 1627 decoras
526 1568 664 1626 fortunae
688 1576 759 1628 tuae
780 1566 905 1639 reicies,
932 1567 1032 1627 invisa

55 1651 197 1710 haerebis
219 1651 249 1708 in
271 1650 338 1709 luce
360 1656 390 1708 et
405 1650 495 1710 aetati
516 1656 601 1724 tuac,
620 1652 704 1727 quod
726 1667 787 1710 non
809 1652 987 1726 praecipitet
1002 1660 1031 1711 te

57 1733 280 1810 quamprImum
302 1742 332 1795 et
347 1734 445 1807 finiat,
466 1734 663 1794 infestissima
685 1736 754 1795 eris.
785 1736 869 1811 quod
891 1736 1030 1811 turpissi-

54 1835 136 1877 mum
159 1815 439 1891 alienissimumque
466 1824 513 1878 est
532 1817 631 1879 animo
653 1827 705 1879 tuo
726 1821 757 1878 in
779 1820 934 1881 meliorem
958 1827 1029 1881 noto

56 1909 188 1977 partem,
204 1903 348 1961 ostendes
364 1909 393 1961 te
408 1901 511 1960 vivere
525 1903 620 1976 nolle,
639 1903 715 1963 mori
731 1921 791 1963 non
807 1920 911 1978 posse.
944 1902 976 1965 Si
991 1904 1059 1969 adt

55 1988 114 2045 boc
130 1985 279 2045 maximae
299 1985 428 2045 feminae
448 1993 477 2045 te
497 1989 668 2061 exemplum
690 1988 875 2062 adplicueris
890 1989 1029 2048 modera-

56 2071 115 2131 tius
128 2085 165 2130 ac
176 2067 286 2143 mitius,
302 2085 363 2131 non
376 2070 436 2128 eris
448 2070 478 2128 in
490 2071 641 2131 aerumnis
654 2086 710 2130 nec
721 2080 750 2132 te
761 2072 918 2133 tormentis
929 2088 1031 2131 mace-

54 2155 147 2214 rabis.
173 2169 252 2228 quae
266 2153 360 2227 enim,
378 2155 497 2228 maium,
513 2155 644 2215 amentia
658 2162 705 2215 est
720 2172 836 2231 poenas
851 2171 871 2215 a
884 2170 920 2216 se
933 2155 1029 2215 infeli-

56 2238 153 2297 citatis
174 2237 298 2312 exigere
323 2246 353 2298 et
373 2240 451 2297 mala
473 2255 529 2298 sua
550 2245 682 2313 augeret
714 2257 804 2316 quam
826 2240 856 2298 in
873 2240 953 2301 omni
969 2239 1031 2297 vita

56 2321 187 2381 servasti
208 2337 325 2382 morum
345 2321 527 2396 probitatem
541 2329 571 2382 et
585 2323 814 2397 verecundiam,
835 2322 866 2382 in
881 2323 938 2382 hac
954 2338 1029 2397 quo-

57 2421 118 2480 que
132 2420 166 2464 re
183 2404 369 2478 praestabis:
393 2413 439 2465 est
459 2406 538 2465 enim
560 2408 710 2479 quaedam
731 2415 761 2466 et
781 2407 905 2467 dolendi
925 2407 1028 2465 mode-

56 2489 124 2548 stia.
153 2489 234 2547 iilum
248 2488 349 2563 ipsum
364 2488 521 2562 iuvenem,
542 2489 752 2564 dignissimum
768 2491 831 2568 [qai
841 2496 879 2562 te]
897 2491 1030 2564 quietam

56 2587 180 2647 semper
203 2572 374 2632 nominatus
408 2574 619 2648 cogitatusque
644 2573 748 2649 iaciat,
780 2574 905 2634 meliore
931 2589 1028 2648 pones

55 2660 135 2731 loeo,
150 2655 177 2715 si
192 2656 278 2716 matri
292 2672 368 2716 suae
383 2657 482 2732 qualis
498 2657 585 2717 vivus
601 2657 728 2732 solebat,
739 2657 905 2732 hilarisque
919 2666 948 2718 et
959 2674 1027 2717 cum

55 2739 167 2816 gaudio
183 2741 323 2800 occurrit.

118 2824 169 2882 IV.
192 2824 254 2883 Nec
269 2831 299 2883 te
311 2824 348 2883 ad
365 2824 492 2884 fortiora
506 2825 614 2885 ducam
630 2833 804 2900 praecepta,
820 2832 853 2885 ut
863 2824 1051 2889 inhumano]

13 2936 16 2941 ·
55 2910 135 2967 serre
148 2906 281 2967 humana
295 2906 416 2966 iubeam
435 2909 543 2982 modo,
566 2917 599 2969 ut
619 2909 688 2985 ipso
711 2908 830 2968 funebri
850 2909 900 2969 die
921 2909 1027 2970 ocutos

53 2991 158 3052 matris
174 2992 337 3051 exsiccent.
370 2992 409 3049 ad
424 2990 568 3051 arbitrum
589 3000 689 3054 tecum
710 2993 845 3052 veniam=
870 2992 930 3052 hoc
951 2992 1028 3051 inter

55 3091 115 3137 nos
130 3085 310 3151 quaeretur,
333 3082 432 3134 utrum
447 3090 577 3150 magnus
592 3078 681 3138 dolor
694 3092 765 3137 esse
780 3075 891 3137 debeat
905 3091 943 3136 an
959 3091 1027 3149 per-

55 3165 177 3235 petuus.
205 3175 267 3219 non
282 3159 386 3219 dubito
403 3158 474 3235 quin
493 3159 585 3219 lutiae
598 3165 771 3235 Augustae,
796 3177 886 3234 quam
903 3159 1026 3219 familia-

53 3245 127 3303 riter
139 3241 266 3316 eotuisti,
280 3243 377 3319 magis
390 3243 442 3303 tibi
456 3245 573 3318 placeat
583 3246 772 3320 exemptum:
784 3244 834 3303 iila
845 3252 874 3304 te
886 3243 925 3304 ad
938 3260 1025 3304 suum
1038 3253 1055 3305 2

54 3326 214 3389 consilium
229 3333 328 3388 vocat.
347 3327 397 3386 illa
413 3327 443 3386 in
459 3327 556 3403 primo
571 3328 699 3403 servare,
716 3344 784 3388 cum
798 3329 928 3389 maxime
941 3328 1025 3403 inpa-

53 3412 163 3472 tientes
184 3410 365 3485 ferocesque
387 3418 457 3471 sunt
475 3410 631 3482 miseriae,
657 3413 853 3491 consol[atort'
870 3419 911 3485 re]
930 3414 1022 3484 Areo,
1069 3439 1071 3443 r

53 3494 239 3571 philosopho
267 3495 322 3554 viri
348 3495 411 3569 sui,
439 3496 576 3570 praebuit
596 3504 625 3557 et
644 3499 768 3557 multum
796 3512 861 3555 eam
877 3513 941 3557 rem
956 3512 1027 3571 pro·

826 3587 844 3639 g
852 3579 866 3615 ir
