2438 3968
223 254 274 314 DE
288 252 619 326 TRANQUILLITATE
635 251 755 310 ANIMI.
773 259 871 314 16.17.
970 249 1028 314 195

58 405 260 478 desiderium,
276 406 352 465 haec
368 406 477 480 nostri,
493 413 524 465 et
538 406 594 465 erit
607 406 701 465 altera
713 404 837 464 alterius
851 405 1028 467 remedium.

60 492 163 552 odium
177 490 285 550 turbae
299 490 419 550 sanabit
433 489 582 563 solitudo,
597 488 730 548 taedium
745 489 917 550 solitudinis
932 492 1029 552 turba»
1135 535 1136 539 ,

57 576 130 634 Nec
145 575 182 633 iu
203 574 333 633 eadem
350 572 1057 647 intentioneaequaliterretinenda4

57 656 775 731 mensest,sedadiocosdevocanda.
805 654 878 715 Cum
893 659 1028 731 puerulis

59 742 201 803 Socrates
226 741 333 800 ludere
358 758 420 802 non
447 740 664 813 erubescebat,
690 748 719 799 et
734 738 892 799 Catouino
908 742 1030 804 laxabat

57 825 191 886 animum
207 826 288 885 curis
307 825 438 899 publicis
454 825 621 898 fatigatum,
637 831 667 882 et
682 821 787 898 Scipio
802 824 981 899 triumphale
995 826 1029 885 il-

58 911 111 970 lud
125 925 162 969 ac
176 910 303 969 militare
319 924 432 983 corpus
447 909 542 967 movit
556 907 596 966 ad
610 923 763 981 numeros,
779 923 839 967 non
855 909 984 968 molliter
993 924 1029 969 sa

58 994 241 1068 infringens,
256 999 290 1052 ut
304 1008 386 1051 nunc
400 1008 468 1053 mos
483 999 531 1052 est
544 992 633 1051 etiarn
648 992 774 1052 incessu
787 992 857 1066 ipso
871 993 954 1053 ultra
963 1010 1028 1054 mu·

58 1078 183 1137 liebrem
197 1075 353 1136 mollitiam
367 1075 548 1149 fluentibus,
569 1077 627 1135 sed
644 1082 677 1135 ut
692 1075 807 1150 antiqui
821 1076 863 1134 illi
877 1077 934 1136 viri
947 1079 1029 1138 sole·

57 1162 130 1221 bant
150 1161 227 1220 inter
247 1161 347 1220 lusum
368 1176 403 1220 ac
419 1161 498 1220 festa
511 1167 650 1234 tempora
663 1160 780 1219 virilem
795 1159 825 1218 in
841 1161 963 1221 modum
978 1161 1029 1221 tri·

61 1247 202 1322 pudiare,
229 1261 291 1304 non
313 1243 420 1304 facturi
441 1243 665 1314 detrimentum,
693 1244 811 1303 etiamsi
833 1245 871 1303 ab
888 1244 1029 1307 hostibus

59 1330 124 1390 suis
146 1335 366 1404 spectarentur.
398 1327 505 1388 Danda
520 1334 568 1387 est
579 1327 688 1387 animis
702 1327 860 1388 remissio=
885 1327 1057 1392 meliorest

59 1414 258 1487 acrioresque
277 1411 406 1488 requieti
429 1419 562 1486 surgent.
593 1419 627 1471 ut
646 1409 794 1471 fertilibus
809 1411 891 1484 agris
906 1429 967 1472 non
983 1421 1030 1474 est

59 1497 290 1572 imperandam,
317 1497 375 1555 cito
402 1496 481 1555 enim
504 1496 572 1555 illos
589 1494 747 1554 exhauriet
760 1511 925 1568 numquam
938 1494 1029 1556 inter-

58 1582 154 1640 missa
178 1579 366 1652 fecunditas,
392 1580 434 1639 ita
458 1580 625 1639 animorum
646 1579 767 1652 inpetus
782 1577 931 1640 adsiduus
943 1580 1030 1640 labor

59 1667 187 1738 franget.
209 1664 292 1722 vires
306 1662 456 1739 recipient
471 1665 592 1738 paulum
607 1662 734 1722 resoluti
749 1671 779 1723 et
794 1663 907 1724 emissi.
929 1663 1029 1724 nasci·

58 1757 108 1809 tur
123 1763 162 1806 ex
177 1746 360 1807 adsiduitate
376 1747 512 1807 laborum
528 1745 696 1805 animorum
711 1746 862 1808 hebetatio
878 1748 1027 1824 quaedam

59 1841 89 1892 et
104 1833 242 1906 languor.
262 1831 325 1890 Nec
338 1832 375 1890 ad
387 1830 448 1891 hoc
460 1839 542 1890 tanta
552 1830 707 1890 hominum
719 1831 869 1905 cupiditas
881 1833 1057 1905 moderata

59 1916 117 1975 nisi
133 1917 299 1975 naturalem
316 1915 476 1990 quamdam
491 1916 679 1989 voluptatem
694 1914 819 1975 baberet
829 1917 915 1976 lusus
927 1915 1027 1978 iocus·

60 2016 130 2076 que.
164 1988 293 2073 qdorum
320 1999 466 2074 frequens
491 2015 567 2059 usus
594 2014 683 2058 omne
705 1999 813 2060 animis
829 2001 951 2074 pondus
966 2018 1029 2062 om·

59 2100 191 2160 nemque
211 2082 273 2143 vim
295 2082 417 2157 eripiet:
445 2099 513 2142 nam
530 2091 559 2142 et
573 2099 699 2143 somnus
714 2083 872 2144 refectioni
885 2100 1028 2146 necessa-

57 2166 122 2228 rius
136 2175 196 2227 est:
215 2167 297 2227 hunc
311 2175 409 2227 tamen
426 2183 549 2241 semper
563 2167 589 2226 si
598 2185 659 2242 per
669 2165 748 2226 diem
762 2176 944 2245 noctemque
957 2183 1028 2227 con·

58 2251 173 2324 tinues,
195 2267 277 2310 mors
293 2252 358 2310 erit.
390 2253 515 2311 multum
529 2252 668 2324 interest,
689 2252 823 2313 remittas
839 2252 971 2329 aliquid,
989 2268 1027 2311 an

58 2338 175 2396 solvas.
201 2336 321 2409 Legum
332 2336 507 2395 conditores
522 2335 617 2395 festos
632 2336 825 2396 instituerunt
839 2337 919 2409 dies,
941 2343 974 2396 ut
988 2336 1054 2395 adi

58 2418 237 2479 hilaritatem
252 2418 392 2478 homines
410 2420 530 2493 publice
546 2426 741 2493 cogerentur,
756 2428 907 2496 tamquam
922 2435 1028 2480 neces·

58 2502 860 2578 sariumlaboribusinlerponentestemperamentum.
883 2503 1028 2578 etmagni,

57 2595 91 2646 nt
113 2584 190 2656 dixi,
216 2586 273 2644 viri
295 2586 419 2660 quidam
442 2585 499 2646 sihi
519 2594 692 2646 menstruas
709 2587 798 2646 cerlis
814 2587 921 2648 diebus
937 2587 1028 2648 ferias

58 2671 185 2742 dabant,
203 2669 326 2745 quidam
341 2671 456 2730 nullum
471 2687 530 2730 non
547 2671 627 2731 diem
642 2670 719 2731 inter
733 2671 825 2730 otium
842 2679 872 2730 el
883 2687 972 2731 curas
984 2670 1028 2732 di·

57 2754 211 2814 videbant.
235 2755 355 2829 qualem
369 2754 534 2814 Pollionem
547 2755 686 2815 Asinium
701 2761 862 2828 [oratorem
875 2759 1027 2830 magnum]

19 2868 22 2872 ν
57 2837 263 2910 meminimuS,
290 2853 380 2911 quem
401 2840 481 2897 nulla
501 2854 551 2897 res
565 2842 643 2899 ultra
657 2839 816 2898 decumam
830 2839 959 2899 retinuit.
990 2854 1030 2898 ne

58 2922 207 2997 epistulas
223 2921 347 2996 quidem
363 2928 434 2996 post
447 2938 514 2981 eam
528 2922 634 2982 horam
648 2924 776 2997 legebat,
792 2938 830 2982 ne
846 2924 919 2997 quid
930 2937 1030 2984 novae

58 3022 152 3066 curae
165 3012 351 3078 nasceretur,
367 3006 424 3066 sed
439 3006 531 3066 totius
543 3007 602 3066 diei
615 3007 825 3066 lassitudinem
838 3007 957 3067 duabus
969 3005 1028 3066 illis

57 3089 143 3150 horis
157 3090 296 3164 ponebat.
317 3090 440 3164 quidam
451 3089 551 3150 medio
560 3091 854 3151 dieinteriunxerunt
864 3097 893 3150 et
906 3090 935 3150 in
944 3096 1027 3166 post·

58 3172 242 3232 meridianas
258 3173 350 3234 horas
365 3174 480 3249 aliquid
493 3173 616 3234 levioris
630 3191 742 3247 operae
755 3174 942 3235 distulerunt.
964 3190 1027 3234 ma·
1107 3236 1111 3244 ,

58 3258 141 3317 iores
163 3274 285 3333 quoque
306 3258 402 3318 nostri
424 3274 535 3316 novam
549 3259 724 3318 relationem
742 3267 812 3333 post
826 3259 932 3318 horam
947 3259 1027 3319 deci-

57 3357 138 3401 mam
155 3341 184 3399 in
199 3351 308 3402 senatu
322 3342 388 3401 fieri
402 3342 555 3402 vetabant.
575 3343 661 3401 miles
675 3343 792 3417 vigilias
804 3343 911 3403 dividit
922 3352 951 3404 et
964 3359 1024 3402 nox

58 3425 190 3485 inmunis
206 3433 254 3485 est
267 3426 305 3486 ab
320 3426 515 3502 expeditione
526 3427 726 3486 redeuntium.
747 3428 967 3501 indulgendum
980 3435 1054 3490 esl8

58 3511 160 3569 animo
167 3509 363 3585 dandumque
375 3510 506 3570 subinde
518 3511 619 3584 otium,
633 3511 716 3585 quod
731 3511 862 3571 alimenti
874 3529 910 3572 ac
917 3512 1026 3572 virium

815 3595 874 3657 13*
