2438 3968
183 243 236 303 ΑΙ)
250 240 449 303 POLYBIUM
460 241 510 302 DE
526 239 824 303 consolationis.
841 251 866 303 l.
882 251 910 303 2
924 240 992 320 [st]
1013 238 1080 304 219

111 403 169 456 est
192 392 365 468 cogitare
391 392 429 452 id
456 391 533 453 sibi
558 391 777 465 accidisse,
800 393 898 467 quod
925 401 1013 454 ante
1038 409 1079 454 se

110 477 223 554 passi
248 484 336 537 sunt
360 491 488 538 omnes
516 491 728 550 omnesque
752 479 918 551 passuri.
954 484 984 538 et
1007 477 1079 538 ideo

110 560 183 622 nihi
207 561 327 621 videtur
346 576 445 621 rerum
466 567 588 632 natura,
617 561 705 636 quod.
722 559 936 635 gravissimum
949 563 1077 632 lecerat,

111 660 271 706 commune
282 644 403 715 fecisse,
419 651 452 704 ut
464 643 733 704 crudelitatem-tati
745 645 954 705 consolaretur
966 660 1078 718 aequa-

111 731 189 790 litos.

172 813 204 875 rt
227 811 326 870 lllud
349 827 502 887 quoque
521 809 1105 884 tenonminimumadiuverit,1

111 898 144 956 si
159 896 398 970 cogitaveris
414 894 509 955 nihil
525 897 773 970 profuturum
788 896 961 957 ololorem
977 901 1078 957 tuum

110 997 182 1043 nec
197 977 256 1040 illi
272 978 438 1054 quidem,
456 995 564 1053 quem
579 977 794 1053 desideras,
807 994 874 1039 nec
887 978 973 1040 tibio
990 978 1078 1038 noles

111 1065 191 1129 enim
213 1063 335 1138 longum
357 1079 440 1136 esse,
464 1063 548 1138 quod
562 1061 682 1124 inritum
697 1070 754 1123 est
783 1063 861 1124 Nam
872 1062 899 1124 si
914 1062 1079 1138 quicquam

109 1147 229 1215 nisano
249 1147 414 1223 profecturi
434 1163 554 1221 sumus,
576 1163 638 1217 non
652 1162 762 1209 recuso
779 1146 925 1223 quicquid
939 1145 1078 1206 lacrima·

109 1249 176 1297 rum
197 1231 335 1292 fortunae
362 1247 446 1292 meae
472 1229 636 1306 superfuit,
662 1238 732 1292 tuae
748 1231 884 1291 fundere.
923 1229 1075 1290 inveniam

110 1316 282 1376 etiamnunc
314 1332 368 1390 per
391 1314 449 1375 hos
474 1315 640 1376 exhaustos
666 1314 727 1375 iam
752 1314 873 1375 fletibus
901 1313 1077 1374 domesticis
1101 1324 1103 1331 ·

109 1401 217 1461 oculos
239 1399 322 1474 quod
342 1397 460 1473 effluat,
486 1399 513 1458 si
533 1400 624 1460 modo
647 1396 679 1457 id
698 1397 751 1458 tibi
772 1398 903 1458 futurum
922 1396 1004 1457 bono
1020 1403 1076 1457 est

110 1483 188 1557 Quid
210 1488 337 1542 cessas?
363 1498 600 1558 conqueramur,
621 1489 713 1557 atque
728 1483 806 1543 adeo
821 1482 889 1556 ipse
903 1479 982 1540 hanc
995 1479 1105 1557 litemq

109 1583 208 1625 meam
223 1566 346 1626 faciam:
363 1564 582 1640 „Iniquissima
597 1565 731 1626 omnium
746 1565 857 1626 iudicio
874 1565 1009 1638 fortuna,
1023 1563 1081 1624 ad-

108 1650 169 1709 huc
183 1649 336 1709 videbaris
352 1666 421 1709 eum
435 1649 587 1710 hominem
602 1647 803 1725 continuisse,
820 1649 872 1724 qui
885 1661 1010 1709 munere
1023 1655 1080 1708 tuo

109 1741 222 1793 tantam
237 1733 463 1794 venerationem
477 1741 649 1809 receperat,
665 1740 713 1804 ut,
730 1733 812 1809 quod
827 1749 896 1793 raro
912 1732 965 1792 ulli
980 1731 1076 1792 conti»

110 1819 167 1892 git,
194 1817 321 1877 felicitas
342 1816 407 1876 eius
423 1815 571 1892 effugeret
585 1817 745 1877 invidiamr
768 1832 841 1876 ecee
856 1832 924 1877 eum
940 1815 1078 1876 dolorem

110 1902 167 1974 illi,
190 1916 279 1975 quem
296 1901 382 1962 salvo
399 1901 528 1961 Caesare
544 1901 685 1977 accipere
698 1901 861 1961 maximum
877 1905 1010 1974 poterat,
1032 1899 1077 1959 in-

108 1983 264 2060 pressisti,
288 1991 318 2044 et
340 2001 407 2046 cnm
429 1986 507 2045 bene
529 1984 610 2045 illum
632 1982 767 2058 undique
788 1982 966 2057 circuisses,
989 1981 1078 2042 intel-

108 2068 210 2128 lexisti
230 2068 288 2129 hac
310 2077 395 2143 parte
415 2070 620 2131 tantummodo
642 2075 746 2145 patere
766 2067 875 2128 ictibus
896 2065 966 2129 tuis.
999 2064 1106 2140 Quina

110 2153 191 2211 enim
205 2151 246 2212 illi
261 2153 344 2213 aliud
358 2155 498 2214 laceres‘t
517 2151 678 2228 pecuniam
690 2152 847 2227 eriperes?
861 2165 1024 2224 numquam
1036 2147 1078 2208 ltu·

109 2236 261 2296 obnoxius
276 2237 339 2296 fuit
363 2253 444 2297 nunc
460 2252 600 2313 quoqne,
616 2242 762 2311 quantum
776 2242 892 2311 potest,
912 2233 993 2293 illam
1008 2247 1027 2290 a
1041 2246 1080 2292 se

107 2319 219 2379 abiecit
237 2327 267 2379 et
285 2318 315 2379 in
338 2327 421 2380 tanta
441 2320 584 2380 facilitate
602 2318 782 2394 adquirendi
802 2319 917 2378 nullum
931 2315 1076 2376 maiorem

108 2419 148 2461 ex
164 2418 200 2460 ea
217 2403 345 2463 fructum
361 2421 452 2478 quam
467 2411 671 2480 contemptum
686 2402 753 2463 eius
767 2404 850 2476 petit
876 2399 1021 2474 Eriperes
1034 2397 1109 2468 ilti4

108 2485 246 2545 amicost
267 2487 389 2547 sciebas
408 2495 471 2548 tam
490 2488 651 2549 amabilem
664 2501 751 2561 esse,
776 2493 811 2546 ut
824 2484 912 2546 facile
926 2482 956 2543 in
974 2484 1076 2543 locum

108 2569 291 2630 amissorum
305 2578 412 2644 posset
425 2572 504 2632 alios
519 2570 712 2632 substituere.
739 2585 832 2630 unum
846 2567 927 2628 enim
941 2566 1023 2626 bunc
1036 2581 1076 2625 ex

106 2653 169 2726 his,
197 2669 276 2728 quos
297 2653 326 2712 in
348 2653 508 2730 principali
528 2656 618 2716 domo
634 2661 773 2728 potentes
787 2652 865 2726 vidi,
892 2650 1089 2732 cognovisse⁴

106 2736 227 2811 videor,
254 2752 343 2813 quem
368 2737 507 2799 omnibus
531 2738 660 2799 amicum
684 2737 797 2797 habere
820 2751 889 2796 cum
917 2734 1075 2810 expediat,

106 2821 204 2896 magis
218 2827 321 2882 tamen
335 2822 423 2882 etiam
437 2822 519 2883 libet.
541 2822 683 2898 Eriperes
697 2820 739 2880 illi
754 2821 864 2881 bonam
880 2818 1108 2895 opinionemve

107 2904 234 2966 solidior
254 2913 301 2965 est
320 2904 397 2965 haec
417 2906 498 2980 apud
519 2921 604 2979 eum,
630 2920 720 2981 quam
742 2913 777 2966 ut
790 2919 809 2964 t
823 2912 853 2964 te
868 2917 992 2978 quoque
1006 2901 1076 2975 ipsa

106 2987 228 3049 concuti
239 2988 348 3063 possit
369 2987 634 3063 Eriperesbonam
646 2986 863 3048 valitudinem‘t
877 2983 999 3047 sciebas
1011 2984 1074 3044 ani

105 3087 186 3131 murn
208 3072 274 3132 eius
301 3073 474 3133 liberalibus
496 3072 680 3147 discipl-inis,
705 3071 815 3147 quibus
836 3086 896 3130 non
912 3067 1073 3129 innutritus

104 3161 235 3231 tantum,
262 3157 318 3216 sed
337 3157 458 3217 innatus
480 3165 543 3230 est,
567 3157 612 3216 sic
633 3171 704 3215 esse
725 3156 900 3227 fundatum,
923 3158 1073 3227 utsupra

104 3240 204 3301 omnis
236 3241 375 3316 corporis
400 3241 524 3301 dolores
549 3239 702 3299 emineret
739 3238 885 3314 Eriperes
915 3236 1075 3311 spiritumt

105 3326 282 3398 quantulum
297 3325 477 3386 nocuisses?
490 3320 700 3400 longissimum
715 3320 757 3381 illi
771 3321 891 3397 ingenio
908 3335 1016 3381 aevum
1028 3319 1072 3379 fa

103 3423 154 3467 ma
167 3407 314 3483 promisit
335 3408 366 3468 id
381 3409 443 3485 egit
456 3410 539 3484 ipse,
554 3415 586 3467 ut
599 3406 723 3467 meliore
739 3404 787 3467 sui
802 3412 887 3481 parte
907 3404 1030 3466 duraret
1043 3409 1074 3463 et

104 3489 276 3567 conpositis
296 3492 488 3566 eloquentiae
509 3488 674 3567 praeclaris
696 3489 841 3564 operibus
855 3505 873 3549 a
888 3486 1070 3550 mortalitate
