2438 3968
161 272 225 335 256
347 270 381 328 L.
399 266 545 329 innisi
565 261 740 324 SENECAE
763 259 940 320 litantur.

161 423 222 484 ruit
235 432 268 482 et
279 421 352 481 nihil
362 419 394 479 in
404 417 524 477 tristitia
532 426 723 489 supervacua
733 411 885 504 stultaque
896 409 1032 470 detinuit.
1057 409 1130 507 Cum

162 509 213 569 liis
226 517 257 568 te
270 503 422 565 numerari
440 501 558 561 leminis
572 499 660 557 volo=
681 510 807 570 quarum
820 501 912 553 vitam
926 508 1052 568 semper
1065 510 1129 554 imi-

164 601 228 652 tata
241 607 292 661 es,
306 604 411 649 eurum
423 586 455 646 in
468 581 638 644 coercenda
651 576 927 653 conprimendaqne
938 578 1129 651 aegritudine

166 677 280 752 optim
294 670 433 750 sequeris
446 666 626 739 exctnplum.

138 775 155 827 i
227 759 321 820 xvu
342 757 413 817 Seio
431 767 495 810 rem
513 763 574 807 non
594 761 667 804 esse
683 747 712 804 in
729 753 834 805 nostra
846 751 998 819 potestate
1012 759 1071 803 neo
1085 745 1127 803 ul-

168 848 232 905 m
250 844 400 904 ,pfectum
417 833 545 901 servire,
566 829 688 886 minime
702 844 777 888 vero
793 844 876 900 eum,
899 828 1005 903 quiex
1022 828 1128 888 dolore

168 928 312 990 nascitur.
342 924 428 982 ferox
444 914 523 974 euim
538 920 569 971 et
584 910 737 972 adversus
759 928 850 972 omne
867 911 1037 970 remedium
1058 927 1127 972 con-

168 1025 273 1075 um
289 1015 347 1068 est.
379 1002 528 1060 Volumus
548 995 664 1054 interim
686 995 769 1055 illum
790 996 919 1056 obrucre
933 1002 965 1053 et
978 996 1128 1054 devorare

168 1098 311 1173 mim:
329 1103 387 1164 per
398 1086 497 1157 ipsum
511 1086 611 1138 tamen
626 1079 821 1152 conpositum
836 1080 1000 1153 fictumque
1015 1081 1127 1140 voltum

168 1181 307 1241 haime
326 1164 556 1246 profunduntur.
589 1161 682 1221 Ludis
702 1163 822 1223 interim
842 1171 894 1223 ant
908 1162 1126 1238 gladiatoribus

167 1265 297 1326 „pm
310 1262 509 1324 oempamusz
530 1245 653 1305 atilium
664 1245 835 1322 interipsa‚
850 1246 962 1323 quibus
973 1253 1127 1320 avocatur,

139 1334 425 1424 ‚walameris
435 1330 538 1404 aliqua
547 1329 692 1389 desiderii
703 1340 776 1392 nota
787 1331 914 1391 subruit
935 1331 1009 1391 ldeo
1020 1329 1126 1390 melius

167 1440 216 1492 est
229 1428 349 1488 rinccre
366 1416 449 1474 illum
468 1430 560 1488 quam
580 1414 694 1473 tallere.
723 1431 794 1474 nam
815 1416 867 1489 qni
886 1415 1016 1476 delusus
1031 1423 1062 1477 et
1075 1433 1125 1476 vo·

167 1507 326 1590 Quibus
348 1506 401 1559 aut
421 1497 672 1571 occupationibus
693 1498 844 1559 abductus
863 1506 925 1572 est,
947 1499 1082 1575 resurgit
1100 1504 1127 1558 et

165 1602 234 1674 ipoe
252 1586 353 1665 quiete
373 1583 506 1656 inpetum
526 1581 565 1640 ad
579 1581 776 1641 saeviendum
792 1583 920 1656 colligit:
942 1590 974 1642 at
987 1583 1126 1660 quisquis

163 1673 272 1742 „sioni
284 1664 391 1739 cessit,
411 1666 439 1724 in
453 1673 632 1740 perpetuum
644 1667 835 1740 conponitur.
865 1667 933 1728 llon
946 1682 1016 1726 sum
1027 1667 1126 1743 itaque

163 1762 217 1826 iiiii
234 1758 286 1816 illa
303 1755 539 1818 monstraturus,
564 1748 675 1823 quibus
689 1766 765 1809 usos
780 1766 852 1809 esse
865 1752 977 1812 multos
992 1752 1074 1826 scio,
1096 1760 1126 1812 ut

163 1835 402 1922 peregrinatione
415 1839 446 1892 te
460 1834 509 1890 vel
524 1834 616 1907 longa
630 1831 767 1894 detineas
781 1835 831 1893 vel
842 1850 974 1895 amoena
984 1834 1125 1904 delectos,

162 1937 196 1989 ut
215 1922 363 1983 rationum
385 1914 630 1990 accipiendarum
650 1916 819 1992 diligentia,
841 1917 1014 1992 patrimonii
1034 1918 1125 1978 admi-

163 2002 340 2071 nistratione
352 2002 477 2060 multum
495 2014 628 2074 occupes
642 2002 804 2076 temporis,
826 2009 860 2062 ut
873 2018 996 2078 semper
1006 2019 1088 2064 novo
1098 2009 1127 2061 te

163 2094 263 2165 atiquo
283 2083 405 2159 negotio
421 2083 564 2159 inplices:
593 2083 694 2144 onmia
708 2084 766 2145 isia
782 2086 821 2144 ad
837 2084 979 2160 exiguum
993 2102 1125 2147 momen-

161 2189 224 2239 tum
236 2175 366 2245 prosunt
379 2183 437 2227 nec
448 2167 585 2227 remedia
599 2167 730 2241 doloris,
753 2170 809 2229 sed
824 2170 1032 2244 inpedimenta
1048 2178 1125 2231 sunt

133 2269 219 2334 sego
234 2260 334 2313 autem
347 2253 428 2311 malo
443 2251 524 2310 illum
537 2251 678 2311 desinere
690 2269 780 2328 quam
791 2253 901 2328 decipi.
935 2255 1044 2329 Itaque
1058 2255 1125 2315 illo

161 2353 196 2404 te
216 2338 329 2407 duco,
354 2351 428 2411 quo
450 2335 642 2408 omnibus,
666 2337 729 2410 qui
744 2338 935 2397 fortunam
957 2339 1125 2414 tugiunt,

161 2420 461 2495 confugiendum
482 2427 554 2492 est,
576 2419 624 2478 ad
643 2420 826 2481 liberalia
845 2423 992 2482 studim
1014 2424 1125 2482 illare-

161 2507 274 2568 nabunt
294 2506 405 2565 volnus
425 2512 524 2577 tuum,
546 2502 598 2564 illa
618 2519 736 2564 omnem
756 2504 905 2565 tristitiam
919 2504 973 2566 tibi
987 2507 1126 2566 evellent

159 2590 206 2652 liis
222 2589 338 2648 etiamsi
351 2604 515 2663 numquam
528 2587 709 2662 adsuesseS,
724 2604 805 2648 nunc
816 2589 961 2650 utendum
973 2597 1049 2649 erat
1071 2590 1124 2650 sed

161 2677 305 2750 quantum
325 2672 377 2732 tibi
398 2671 492 2746 patris
514 2671 573 2731 mei
589 2672 732 2746 antiquus
747 2671 830 2747 rigor
846 2671 998 2748 permisit,
1019 2688 1124 2735 omnes

159 2760 258 2818 bonas
274 2761 354 2815 artes
370 2772 429 2816 non
447 2755 568 2831 quidem
586 2755 847 2830 conprehendlsti‚
869 2757 1002 2833 adtigisti
1017 2766 1125 2820 tamen.

132 2840 277 2908 4Ulinain
294 2839 416 2915 quidem
431 2840 565 2900 virorum
577 2840 723 2914 optimus,
739 2847 937 2915 patermeus,
952 2842 1054 2903 minus
1064 2857 1124 2902 ma·

159 2928 255 2988 iorum
269 2922 480 2983 consuetudini
492 2923 612 2983 deditus
621 2924 769 2985 voluisset
779 2932 809 2984 te
820 2925 992 2999 praeceptis
1005 2925 1124 3001 sapien·

160 3010 219 3072 tiae
234 3008 346 3068 erudiri
367 3007 467 3082 potius
483 3022 573 3080 quam
594 3006 691 3067 inbuit
720 3024 781 3068 non
796 3009 964 3082 parandum
977 3010 1032 3070 tibi
1047 3024 1125 3069 nune

160 3101 264 3155 contra
286 3094 435 3153 fortunam
450 3099 533 3151 esset
549 3092 707 3164 auxilium,
730 3092 787 3151 sed
801 3093 1032 3167 proferendum:
1055 3109 1123 3168 pro·

160 3183 227 3256 pter
248 3176 339 3249 istas,
363 3190 440 3251 quae
460 3175 553 3235 literis
574 3192 635 3236 non
657 3175 696 3235 ad
717 3176 896 3249 sapientiem
909 3184 1047 3250 utuntur,
1070 3176 1124 3236 sed

160 3260 199 3323 nd
215 3260 362 3320 luxuriam
379 3260 580 3332 instruuntur,
602 3259 701 3318 minus
715 3266 746 3320 te
759 3259 916 3335 indulgere
929 3259 1040 3321 studiis
1055 3276 1123 3336 pas·

159 3360 214 3408 sus
235 3350 290 3403 est.
320 3343 467 3403 beneflcio
488 3351 586 3404 tamen
607 3344 728 3417 rapacis
748 3341 859 3417 ingenii
875 3344 945 3419 plus
962 3360 1052 3418 quam
1068 3359 1124 3419 pro

159 3437 296 3501 tempore
317 3426 453 3488 hausisti.
483 3426 562 3487 iacta
582 3434 653 3487 sunt
667 3425 893 3501 disciplinarum
909 3428 1042 3487 omnium
1057 3427 1122 3488 iun·

160 3515 316 3575 demente:
340 3526 419 3571 nunc
433 3510 473 3571 ad
492 3510 559 3570 illas
573 3517 740 3570 revertere:
763 3517 856 3571 tutam
870 3517 901 3570 te
915 3511 1122 3587 praestabunt.
