2438 3968
191 249 249 313 188
386 248 418 308 L.
430 247 575 308 ΑΝΝΑΕΙ
592 245 890 341 spurcamina.
908 248 957 307 tx.

157 401 357 478 suppositis,
374 398 583 459 sedanimose
598 399 742 473 recipis.“
765 399 820 473 Qui
835 409 961 462 mortem
972 401 1095 474 timebit,
1112 405 1156 461 ni·
1189 458 1192 464 .

188 486 230 545 hil
250 498 393 559 umquam
410 498 465 558 pro
480 483 603 543 homine
617 483 665 564 [et]
681 484 747 543 viro
763 485 866 544 saciet:
893 485 991 560 atqui
1007 485 1083 545 sciat
1098 486 1158 546 hoc

190 568 248 630 sibi
265 584 333 627 cum
348 566 561 643 conciperetur
575 565 675 628 statim
690 565 878 641 condictum,
894 567 977 629 vivet
991 569 1029 627 ad
1046 570 1159 629 formu-

190 655 248 713 lam
263 659 293 712 et
307 653 396 711 simul
411 649 485 710 illud
501 666 624 725 quoque
637 651 745 710 eodem
758 651 847 709 animi
859 651 972 710 robore
983 653 1158 726 praestabit,

190 734 1050 810 nequidexiis,quaeeveniunt‚subitumsit.
1075 736 1159 811 quic·

190 820 263 896 quid
285 819 363 878 enim
385 818 451 877 fieri
466 825 581 892 potest,
609 818 697 892 quasi
713 818 845 877 futurum
861 817 915 892 sit,
940 820 1160 894 prospiciendo

190 905 337 964 malorum
353 899 485 960 omnium
500 902 620 976 inpetus
636 900 762 975 molliet,
779 902 830 977 qui
843 901 881 961 ad
894 909 1094 977 praeparatos
1107 919 1160 962 ex·

191 993 429 1062 spectantesque
451 984 523 1044 nihil
539 984 780 1056 adieruntnovi:
807 986 925 1046 securis
946 994 976 1046 et
989 985 1080 1045 beata
1095 993 1160 1045 tan·

190 1076 254 1131 tum
269 1068 477 1144 spectantibus
492 1083 602 1142 graves
618 1069 750 1128 veniunt.
783 1069 908 1129 morbus
923 1070 1017 1143 enim,
1035 1069 1160 1144 captivi-

191 1160 254 1227 tas,
269 1154 370 1225 ruina,
386 1153 479 1226 ignis,
497 1151 568 1211 nihil
580 1151 687 1211 horum
698 1153 888 1228 repentinum
900 1160 955 1213 εει.
978 1198 995 1226 „
1004 1152 1159 1225 Sciebam,

158 1243 176 1300 i
190 1237 221 1299 in
240 1253 329 1313 quam
344 1236 560 1297 tumultuosum
574 1251 623 1297 me
638 1236 867 1297 contubernium
883 1245 989 1297 natura
1006 1236 1161 1297 clusisset.

191 1323 301 1382 totiens
327 1321 357 1379 in
384 1318 577 1385 viciniamea
592 1322 812 1380 conclamatum
825 1328 880 1380 est.
914 1320 1025 1381 totiens
1040 1328 1163 1395 practer

192 1405 281 1466 limen
290 1405 454 1464 inmaturus
462 1402 626 1478 exsequias
635 1405 686 1463 tax
693 1419 863 1479 cereusque
874 1404 1051 1479 praecessit.
1067 1420 1163 1478 saepe

192 1505 211 1548 a
225 1491 318 1549 latere
332 1487 447 1547 ruentis
459 1487 589 1548 aedificii
602 1488 703 1563 fragor
713 1488 823 1548 sonuit.
845 1489 955 1548 multos
968 1503 1007 1547 ex
1018 1488 1066 1559 iis,
1080 1505 1160 1563 quos

193 1574 306 1645 lorum,
324 1573 422 1645 curia,
444 1587 544 1631 sermo
560 1587 677 1631 mecum
693 1579 898 1645 contraxerat,
920 1586 982 1631 nox
997 1571 1120 1633 abstulit
1135 1579 1164 1631 et

193 1655 303 1717 iunctis
323 1657 362 1716 ad
384 1654 555 1715 sodalitium
577 1670 684 1715 manus
700 1658 857 1730 copulatas
872 1655 1052 1716 interscidit:
1072 1657 1165 1714 mirer

193 1741 233 1799 ad
249 1756 296 1799 me
310 1739 475 1815 aliquando
490 1739 625 1814 pericula
639 1740 826 1812 accessisse,
843 1754 920 1814 quae
932 1738 1013 1799 circa
1024 1754 1073 1797 me
1084 1754 1163 1798 sem-

194 1840 250 1899 per
270 1822 457 1882 erraverint?
484 1822 595 1897 Magna
610 1839 682 1898 pars
697 1822 851 1882 hominum
867 1830 928 1895 est,
945 1838 1024 1897 quae
1038 1823 1164 1897 naviga-

162 1915 262 1969 stura
282 1907 321 1966 de
341 1912 521 1980 tempestate
541 1923 601 1965 non
619 1906 740 1980 cogitat.
772 1906 941 1980 Numquam
962 1921 1010 1965 me
1030 1905 1061 1964 in
1083 1906 1165 1966 bona

196 1995 251 2064 [re]
278 1990 347 2048 mali
370 1990 495 2063 pudebit
509 1990 650 2050 auctoris.
682 1989 822 2062 Publius,
837 1991 959 2064 tragicis
977 1990 1165 2064 comicisque

195 2072 404 2133 vehementior
417 2071 563 2146 ingeniis,
581 2074 721 2147 quotiens
736 2075 871 2133 mimicas
886 2073 1015 2147 ineptIas
1029 2079 1059 2131 et
1071 2074 1166 2132 verba

195 2158 235 2218 ad
254 2172 403 2219 summam
424 2171 548 2215 caveam
569 2158 736 2231 spectantia
751 2157 887 2232 reliquit,
907 2157 985 2217 inter
998 2158 1092 2217 multa
1108 2157 1165 2215 alia

196 2241 359 2313 cothurno,
376 2256 435 2300 non
451 2248 565 2301 tantum
579 2241 692 2315 sipario
712 2242 851 2314 tortiora,
867 2248 897 2301 et
911 2241 969 2319 lroc
983 2241 1037 2300 ait:

333 2327 425 2386 cuivis
433 2331 530 2399 potest
542 2328 678 2387 occidere
691 2327 771 2401 qaod
779 2329 917 2399 cuiquam
927 2331 1028 2399 potest.

195 2412 262 2471 Hoc
283 2410 309 2469 si
332 2409 401 2484 quis
423 2407 452 2467 in
476 2409 623 2469 medullas
640 2407 794 2468 demiserit
806 2416 837 2468 et
851 2407 950 2467 omnia
966 2409 1064 2467 aliena
1078 2409 1164 2476 mala,

197 2510 325 2569 quorum
340 2494 447 2567 ingens
463 2493 573 2553 cotidie
588 2492 678 2568 copia
692 2500 747 2566 est,
763 2493 807 2552 sic
819 2491 1004 2566 adspexerit,
1012 2498 1170 2566 tamquam·

197 2578 324 2638 liberum
339 2577 397 2636 illis
414 2583 443 2636 et
456 2576 497 2636 ad
512 2593 547 2636 se
563 2575 619 2637 iter
635 2577 682 2650 sit,
697 2577 788 2637 multo
804 2583 874 2636 ante
889 2592 923 2634 se
935 2574 1063 2636 armabit
1075 2590 1163 2649 quam

165 2687 183 2742 9
199 2667 326 2736 petatur.
350 2659 425 2720 Sero
441 2662 559 2720 animus
575 2660 614 2719 ad
624 2661 831 2734 ‚periculorum
843 2660 1015 2734 patientiam
1031 2664 1102 2733 post
1115 2674 1161 2732 pe-

199 2747 293 2803 ricula
308 2745 472 2804 instruitur.
495 2744 581 2819 „Non
599 2744 701 2817 putavi
713 2743 771 2804 hoc
784 2745 945 2803 futurum.“
960 2750 990 2802 ει
1003 2758 1166 2817 „umquam

198 2835 230 2886 tu
244 2827 302 2886 hoc
314 2835 492 2888 eventurum
507 2827 740 2888 credidissest“
760 2826 858 2900 Quare
872 2833 972 2886 autem
987 2833 1072 2886 nont
1089 2840 1167 2900 quae

199 2920 271 2972 sunt
290 2911 427 2985 divitiae,
452 2927 529 2985 quas
544 2927 604 2971 non
620 2918 742 2985 egestas
758 2918 787 2970 et
802 2912 897 2970 lomes
913 2918 943 2970 ει
956 2908 1135 2969 mendicitas
1151 2925 1168 2966 a

198 3005 284 3070 tergo
300 3002 466 3069 sequutura
495 3010 574 3070 quae
588 2995 735 3069 dignitas,
757 2993 844 3054 cuius
859 3011 918 3054 non
936 3001 1124 3070 praetextam
1140 2997 1168 3051 et

200 3081 344 3154 augurale
360 3087 390 3139 et
405 3079 470 3139 lora
485 3078 610 3153 patricia
624 3079 733 3139 sordes
750 3079 928 3139 comitentur
945 3084 974 3137 et
988 3077 1168 3152 exportatio,

200 3171 290 3224 notae
311 3171 341 3223 et
360 3163 440 3222 mille
455 3163 591 3222 maculae
606 3169 636 3222 et
650 3170 785 3222 extrema
800 3161 1004 3237 contemptio?
1024 3161 1108 3236 quod
1122 3176 1168 3218 re-

199 3264 292 3322 gnum
312 3254 374 3319 est,
398 3245 445 3307 cui
466 3263 526 3306 non
550 3254 655 3321 parata
669 3245 708 3306 sit
721 3246 808 3306 ruina
823 3253 852 3305 et
868 3244 1055 3319 proculcatio
1071 3252 1100 3304 et
1115 3245 1169 3303 do·

199 3331 299 3390 minus
314 3338 344 3389 et
359 3331 515 3390 carniiext
529 3344 585 3389 nec
599 3330 716 3404 magnis
732 3329 791 3390 ista
806 3329 970 3390 intervallis
984 3328 1098 3402 divisa,
1114 3325 1169 3386 sed

199 3415 295 3474 horae
308 3421 502 3490 *momentum
528 3413 653 3475 interest
679 3414 756 3473 inter
777 3411 887 3473 solium
902 3418 931 3472 et
946 3412 1046 3472 aliena
1061 3427 1169 3487 genua.

159 3508 192 3560 10
200 3495 284 3560 Scito
300 3513 373 3570 ergo
391 3513 509 3557 omnem
526 3497 736 3557 condicionem
758 3497 939 3557 versabilem
956 3512 1027 3556 esse
1043 3503 1071 3555 et
1087 3495 1168 3567 quic·
