2438 3968
132 244 197 308 298
238 247 270 304 L.
284 248 372 306 ANN.
387 247 516 306 sallao.
534 248 585 306 DE
601 246 816 306 CLEMENTIA
832 246 935 304 ttae.
960 255 1009 308 26.

136 399 311 472 inminebat,
327 398 508 458 exscindere
520 400 658 472 adgressi
670 406 749 458 sunt.
771 396 939 471 aliquando
952 413 1013 457 sua
1024 413 1108 474 prae

135 483 215 542 sidia
228 483 259 541 in
274 483 360 557 ipsos
376 490 632 542 consurrexerunt
648 482 868 558 perfidiamque
884 487 915 540 et
932 481 1108 556 inpietatem

132 566 325 626 ecferitatem
342 572 371 624 et
386 565 528 640 quicquid
543 565 581 624 ab
596 567 654 626 illis
669 566 851 635 didicerant,
875 564 906 623 in
919 564 1012 639 ipsos
1023 581 1106 624 exer·

137 656 271 709 cuerunt.
295 649 369 723 quid
385 650 463 707 enim
474 655 575 725 potest
585 651 623 709 ab
635 666 671 710 eo
686 650 847 724 quisquam
859 663 1004 722 sperare,
1020 664 1106 723 quern

136 735 246 792 malum
262 748 333 792 esse
347 733 472 792 docuit?
497 733 564 792 Non
580 733 631 792 diu
646 734 773 807 adparet
787 730 924 806 nequitia
937 748 1000 792 nec
1016 748 1105 806 quan·

102 821 197 877 atum
218 818 336 876 videtur
355 824 471 891 peccat.
509 815 571 876 Sed
589 825 662 890 puta
683 825 775 877 tutam
791 830 861 875 esse
880 815 1105 876 crudelitatem:

136 901 226 976 quale
241 900 307 958 eius
321 915 448 973 regnum
461 906 527 959 est?
547 916 608 959 non
619 901 700 960 aliud
714 916 803 975 quam
816 905 977 975 captarum
992 900 1104 958 urbium

137 986 234 1045 forma
254 990 283 1042 et
303 983 451 1043 terribiles
473 985 567 1042 iacies
588 984 699 1058 publici
720 990 827 1042 metus.
857 983 964 1043 omnia
980 991 1104 1056 moesta,

111 1080 113 1084 ·
137 1067 263 1140 trepida,
278 1067 414 1126 contusa.
437 1069 608 1141 voluptates
619 1068 706 1142 ipsae
717 1068 865 1127 timentur.
890 1083 954 1126 non
968 1066 1105 1127 convivia

136 1151 236 1211 securi
248 1151 363 1223 ineunt,
379 1152 408 1208 in
421 1151 530 1225 quibus
542 1150 644 1225 lingua
656 1151 784 1211 sollicite
795 1150 885 1211 etiam
898 1150 996 1210 ebriis
1009 1158 1099 1210 custo·

136 1234 248 1294 dienda
258 1242 313 1294 est.
332 1251 392 1294 non
405 1235 594 1310 spectacula,
610 1235 771 1308 exquibus
784 1233 1104 1294 materiacriminisac

138 1318 262 1392 periculi
275 1319 436 1393 quaeritur.
465 1318 650 1392 adparentur
661 1319 730 1378 licet
744 1333 854 1392 magna
867 1316 1005 1392 inpensa
1020 1326 1050 1377 et
1063 1332 1102 1376 re·

136 1402 193 1476 giis
206 1402 354 1476 opibuset
366 1401 513 1462 artificum
524 1402 683 1475 exquisitis
694 1401 882 1461 nominibus:
900 1417 997 1476 quem
1009 1409 1103 1461 tarum

102 1494 122 1547 3
137 1487 198 1546 ludi
213 1485 242 1544 in
264 1501 386 1544 carcere
399 1486 522 1545 iuvent?
556 1485 643 1559 Quod
660 1486 755 1558 istud,
777 1486 807 1544 di
821 1485 909 1558 boni,
932 1486 1050 1545 malurn
1063 1492 1104 1544 est

139 1570 294 1642 occidere,
323 1571 455 1640 saevire,
484 1569 627 1629 delectari
647 1585 724 1630 sono
746 1577 923 1640 catenarum
943 1575 977 1628 et
1000 1569 1103 1629 civium

138 1654 238 1729 capita
253 1653 408 1722 decidere,
432 1668 625 1728 quocumque
641 1662 765 1713 ventum
780 1659 827 1712 est
841 1653 970 1712 multum
988 1653 1103 1728 sangui-

138 1738 184 1794 nis
201 1737 343 1809 lundere,
366 1737 514 1812 adspectu
531 1753 588 1798 suo
606 1744 719 1796 terrere
734 1753 770 1795 ac
785 1737 912 1811 fugaret
948 1734 1038 1809 Quae
1052 1736 1103 1796 alia

138 1821 198 1878 vita
219 1827 315 1893 esset,
336 1821 363 1878 si
383 1820 487 1881 leones
508 1822 633 1895 ursique
654 1826 837 1894 regnarent?
865 1818 892 1879 si
910 1820 1103 1895 serpentibus

138 1903 168 1961 in
190 1918 248 1962 nos
265 1918 301 1961 ac
317 1905 532 1964 noxiosissimo
551 1906 660 1978 cuique
674 1905 794 1964 animali
809 1905 933 1963 daretur
948 1910 1105 1978 potestast

104 1987 191 2044 lllla
211 1986 335 2045 rationis
356 1989 492 2062 expertia
513 1996 543 2047 et
562 2005 581 2047 a
600 1989 688 2048 nobis
709 1988 889 2047 inmanitatis
911 1986 1043 2047 crimine
1058 1988 1104 2046 da·

137 2076 237 2130 mnata
259 2069 410 2130 abstinent
430 2070 493 2130 suis
516 2080 547 2131 et
566 2080 630 2132 tuta
647 2081 694 2132 est
709 2072 797 2131 etiarn
815 2071 992 2130 interseras
1008 2071 1103 2130 simili·

138 2155 227 2214 tado:
248 2153 358 2214 horum
381 2169 419 2213 ne
438 2171 456 2213 a
476 2156 659 2216 necessariis
683 2157 805 2230 quidem
827 2155 883 2215 sibi
906 2155 1015 2215 rabies
1037 2161 1103 2214 tem

139 2246 239 2314 perat,
264 2238 320 2298 sed
341 2245 466 2298 externa
487 2254 605 2312 suaque
627 2241 656 2298 in
678 2255 777 2315 aequo
798 2239 902 2310 babet,
927 2255 991 2312 quo
1012 2238 1103 2314 possit

137 2322 330 2383 exercitatior
351 2339 369 2382 a
388 2323 575 2397 singulorum
591 2324 736 2383 caedibus
752 2323 863 2382 deinde
877 2321 908 2380 in
925 2322 1020 2382 exitia
1037 2337 1102 2398 gen-

139 2407 211 2466 tiam
232 2421 367 2482 serpere.
397 2413 426 2466 et
445 2407 558 2467 inicere
579 2408 666 2466 tectis
687 2408 801 2481 ignem,
823 2412 956 2465 aratrum
978 2404 1103 2466 vetustis

137 2490 264 2550 urbibus
281 2490 425 2551 inducere
442 2493 605 2566 potentiam
621 2499 713 2564 putat.
735 2499 764 2550 et
778 2504 870 2550 unum
886 2489 987 2549 occidi
1003 2490 1104 2550 iubere

138 2581 189 2632 aut
202 2576 327 2634 alterurn
343 2590 449 2648 parum
463 2575 687 2649 imperatorium
703 2575 806 2633 credit.
836 2573 893 2632 nisi
908 2573 1021 2632 eodem
1035 2579 1103 2632 tern-

141 2673 214 2731 pore
234 2672 310 2732 grcx
329 2658 508 2718 miserorum
521 2659 579 2718 sub
599 2662 658 2718 ictu
677 2658 773 2730 stetit,
795 2656 1005 2716 crudelitatem
1023 2670 1104 2716 suaa.

104 2741 168 2803 ain
191 2740 327 2800 ordinem
348 2750 483 2801 coactam
504 2750 594 2815 putat.
634 2741 774 2801 Felicitas
796 2741 845 2799 illa
860 2739 961 2799 multis
979 2743 1103 2800 salutern

140 2826 213 2885 dare
234 2832 264 2885 et
282 2825 322 2883 ad
342 2825 432 2884 vitam
452 2826 491 2885 ab
507 2827 576 2900 ipsa
598 2833 692 2886 morte
712 2839 859 2884 revocare
874 2830 904 2882 et
920 2825 1033 2883 mereri
1048 2823 1103 2882 cle

138 2908 250 2968 mentia
271 2907 407 2968 civicam.
440 2910 554 2970 nullum
579 2917 786 2970 ornamentum
812 2905 959 2984 principis
987 2906 1104 2981 lastigie

140 2991 261 3067 dignius
281 2993 499 3068 pulchriusque
521 3003 568 3054 est
588 3011 677 3067 quarn
693 2994 745 3052 illa
759 3007 874 3052 corona
888 2991 928 3050 ob
942 2991 1029 3051 cives
1044 3005 1104 3050 ser·

141 3085 243 3137 vatos:
264 3092 325 3136 non
340 3076 460 3137 hostilia
475 3094 558 3137 arma
573 3079 707 3138 detracta
717 3075 820 3146 victis,
845 3090 905 3134 non
917 3089 1028 3135 currus
1040 3076 1104 3134 bar-

140 3159 282 3221 barorum
297 3162 445 3234 sanguine
459 3163 588 3235 cruenti,
610 3177 671 3221 non
688 3169 773 3236 parta
787 3159 866 3218 bello
881 3159 992 3233 spolia.
1026 3159 1105 3217 Haec

72 3304 77 3314 ,
139 3242 243 3302 divina
263 3244 398 3319 potentia
418 3253 465 3305 est
485 3245 630 3320 gregatim
653 3260 690 3303 ac
714 3243 834 3319 publice
859 3257 1005 3302 servare:
1034 3241 1106 3301 mul-

139 3331 188 3383 tos
214 3327 336 3400 quidem
362 3329 502 3388 occidere
527 3338 557 3388 et
583 3329 764 3388 indiscretos
789 3325 921 3385 incendii
946 3341 983 3386 ac
1003 3326 1107 3385 ruinae

141 3411 274 3482 {colentia
294 3418 351 3470 est.

519 3497 720 3506 -....--——-—-
