2438 3968
263 230 313 288 DE
326 228 545 290 BREVITATE
560 230 688 289 VITAE.
712 238 830 292 18-20.
967 229 1029 294 217

57 397 159 440 rerum
175 381 273 457 quies.
297 379 434 441 Omnium
451 380 573 455 quidem
589 389 808 455 occupatorum
823 383 964 443 condicio
975 383 1058 446 mis

60 481 130 525 sera
145 473 207 538 est,
223 481 326 524 eorum
342 471 442 524 tamen
458 463 641 534 miserrima,
659 464 709 537 qui
722 480 760 524 ne
773 464 837 525 suis
851 466 973 540 quidem
985 467 1028 526 la·

58 548 167 608 borant
182 549 449 623 occupationibus,
464 548 503 607 ad
514 548 644 606 alienum
656 548 808 608 dormiunt
819 565 973 622 somnum,
989 551 1029 610 ad

59 633 189 692 alienum
205 633 360 693 ambulant
373 632 517 706 gradum,
533 646 634 689 amare
649 638 678 690 et
695 632 815 704 odisse,
831 649 881 692 res
895 633 1029 694 omnium

59 715 238 789 liberrimas,
253 714 404 776 iubentur.
424 715 454 773 hi
471 715 497 775 si
512 716 615 773 volent
629 716 708 774 scire
725 731 816 790 quam
830 716 933 776 brevis
946 717 1028 791 ipso-

58 816 125 859 rum
142 798 203 858 vita
217 799 271 874 sit,
288 801 421 875 cogitent
435 814 475 858 ex
491 806 583 874 quota
599 806 684 873 parte
701 815 759 858 sua
773 799 820 860 sit.

121 883 183 942 XX.
218 882 291 943 Cum
310 883 424 943 videris
445 884 548 957 itaque
564 890 749 956 praetextam
765 899 860 958 saepe
875 883 932 942 iam
949 900 1028 943 sum·
1043 887 1057 940 1

60 973 158 1042 ptam,
174 983 242 1026 cum
258 968 378 1026 celebre
392 967 422 1025 in
438 967 504 1027 loro
520 981 640 1038 nomen,
656 983 718 1026 non
732 967 894 1026 invideris:
912 967 971 1026 ista
987 967 1030 1025 vi-

60 1057 109 1110 tae
131 1049 242 1110 damno
264 1058 416 1124 parantur.
448 1057 481 1110 ut
500 1066 580 1110 unus
600 1050 639 1109 ab
660 1050 718 1109 illis
733 1057 1029 1125 numereturaunuS,

60 1135 160 1194 omnis
175 1150 273 1194 annos
289 1150 364 1194 suos
380 1140 544 1194 conterent.
569 1134 719 1209 quosdam
732 1142 810 1206 ante,
827 1151 895 1193 cum
905 1133 935 1193 in
948 1151 1029 1195 sum-

60 1234 142 1278 mum
163 1217 336 1278 ambitionis
358 1217 557 1291 eniterentur,
579 1217 656 1277 inter
677 1218 774 1293 prima
788 1217 929 1278 luctantis
944 1225 1029 1277 aetas

60 1302 191 1377 reliquit.
215 1302 365 1376 quosdam
381 1317 449 1362 cum
463 1301 493 1360 in
506 1300 798 1362 consummationem
810 1301 963 1375 dignitatis
976 1317 1031 1376 per

60 1386 142 1445 mille
166 1385 359 1459 indignitates
381 1386 567 1462 erupissent,
593 1384 706 1448 misera
728 1385 809 1444 subit
831 1384 972 1459 cogitatio
988 1386 1030 1443 la-

59 1471 190 1530 borasse
205 1468 292 1544 ipsos
307 1470 337 1527 in
353 1469 469 1529 titulum
484 1469 626 1543 sepulcri.
650 1469 850 1543 quorumdam
864 1467 967 1528 ultima
982 1484 1030 1528 se

61 1561 186 1626 nectus,
212 1553 283 1612 dum
304 1553 334 1611 in
356 1569 453 1613 novas
469 1569 543 1626 spes
560 1559 592 1613 ut
605 1554 728 1612 iuventa
744 1553 928 1626 disponitur,
955 1553 1032 1612 inter

63 1643 192 1696 conatus
207 1653 335 1711 magnos
349 1644 379 1697 et
389 1637 536 1711 inprobos
548 1636 682 1696 invalida
693 1636 813 1695 defecit.
834 1635 955 1696 Foedus
972 1637 1029 1709 ille,
1045 1639 1064 1690 a

62 1736 153 1795 quem
178 1721 208 1779 in
235 1719 347 1781 iudicio
369 1737 425 1795 pro
448 1718 647 1794 ignotissimis
666 1719 867 1794 litigatoribus
883 1721 1031 1794 grandem

61 1811 134 1863 natu
149 1811 179 1864 et
192 1804 340 1877 inperitae
355 1820 489 1865 coronae
503 1804 705 1864 adsensiones
721 1810 891 1878 captantem
905 1804 1030 1878 spiritus

62 1889 155 1962 liquit.
189 1888 286 1962 turpis
308 1888 372 1961 ille,
399 1888 451 1964 qui
472 1888 603 1946 vivendo
619 1889 720 1947 lassus
737 1886 825 1946 citius
841 1903 932 1963 quam
946 1888 1030 1948 labo-

60 1973 158 2031 rando
179 1973 256 2032 inter
275 1971 345 2047 ipsa
366 1971 468 2031 olficia
483 1973 648 2045 conlapsus
665 1976 720 2030 est.
742 1971 853 2045 turpis,
876 1987 966 2046 quem
981 1986 1031 2030 ac·

63 2054 212 2130 cipiendis
233 2055 442 2116 inmorientem
462 2055 631 2115 rationibus
653 2054 705 2114 diu
726 2062 838 2115 tractus
852 2056 919 2115 risit
931 2054 1031 2114 heres

62 2138 228 2199 Praeterire
257 2140 340 2214 quod
364 2139 437 2200 mihi
460 2139 592 2201 occurrit
612 2141 785 2214 exemplum
806 2156 866 2199 non
889 2143 1064 2213 possumzb

62 2223 232 2283 Turannius
248 2222 302 2283 luit
316 2231 441 2284 exactae
457 2224 630 2298 diligentiae
645 2239 750 2298 senex,
767 2223 818 2297 qui
834 2229 906 2299 post
921 2236 1032 2282 annum

63 2308 310 2381 nonagesimum,
327 2323 396 2367 cum
410 2308 600 2368 vacationem
616 2307 837 2382 procurationis
853 2307 892 2366 ab
908 2306 938 2367 G.
958 2306 1032 2367 Cae·

64 2405 135 2448 sare
148 2391 227 2450 ultro
243 2392 431 2466 accepisset,
454 2393 586 2466 conponi
602 2407 636 2451 se
651 2392 681 2450 in
697 2391 774 2451 lecto
791 2398 820 2449 et
835 2394 917 2450 velut
931 2389 1032 2450 exani-

63 2489 166 2532 noma
182 2474 395 2535 circumstante
414 2475 526 2535 familia
542 2473 644 2550 plangi
658 2475 755 2534 iussit.
788 2475 909 2548 lugebat
923 2474 1032 2534 domus

66 2557 159 2618 otium
175 2556 288 2616 domini
304 2559 386 2621 senis
400 2575 457 2618 nec
473 2559 569 2618 linivit
582 2567 652 2618 ante
667 2556 824 2630 tristitiam,
842 2574 931 2632 quam
947 2558 1034 2616 labor

62 2642 104 2700 illi
126 2657 201 2700 suus
222 2641 377 2702 restitutus
398 2649 454 2703 est.
486 2642 614 2702 Adeone
634 2641 718 2702 iuvat
737 2649 917 2717 occupatum
939 2641 1035 2701 morit

63 2726 148 2783 Idem
164 2725 320 2801 plerisque
337 2725 455 2785 animus
471 2733 531 2786 est:
554 2726 666 2786 diutius
681 2725 832 2800 cupiditas
847 2725 905 2785 illis
921 2724 1063 2788 leborisl

65 2825 155 2884 quam
178 2810 305 2869 facultas
327 2815 383 2870 est.
426 2810 493 2869 cum
513 2809 706 2869 inbecillitate
727 2807 866 2883 corporis
890 2817 1033 2884 pugnant.

64 2899 252 2954 senectutem
278 2892 376 2968 ipsam
401 2894 484 2953 nullo
509 2895 568 2953 alio
594 2893 716 2953 nomine
740 2908 864 2968 gravem
884 2893 1033 2966 iudicant,

66 2994 157 3052 quam
173 2977 256 3051 quod
270 2978 338 3037 illos
355 2976 484 3052 seponit.
505 2978 570 3036 Lex
585 2994 604 3036 a
618 2977 871 3052 quinquagesimo
888 2992 967 3036 anno
981 2976 1034 3034 mi-

64 3062 146 3121 litem
162 3078 223 3122 non
239 3062 325 3136 legit,
342 3077 359 3120 a
378 3061 571 3136 sexagesimo
587 3068 762 3125 senatorem
776 3078 836 3122 non
853 3060 939 3121 citat:
956 3060 1034 3119 dilli-

66 3145 153 3206 cilius
168 3143 307 3207 homines
322 3162 339 3205 a
355 3162 390 3206 se
406 3145 498 3207 otium
512 3143 664 3219 inpetrant
679 3160 800 3219 quama
814 3145 891 3218 lege.
914 3143 1064 3203 Interime

65 3230 136 3288 dum
162 3231 321 3304 rapiuntur
345 3238 376 3290 et
399 3228 535 3302 rapiunt,
562 3229 633 3289 dum
662 3230 737 3288 alter
757 3226 880 3287 alterius
903 3228 1035 3302 quietem

64 3314 192 3389 rumpit,
208 3315 278 3374 dum
293 3321 396 3374 mutuo
412 3312 514 3373 miseri
529 3320 609 3386 sunt,
624 3311 686 3372 vita
701 3311 829 3371 estsine
845 3313 951 3384 fructu,
968 3310 1035 3372 sine

64 3399 236 3472 voluptate,
263 3399 329 3458 sine
350 3399 410 3458 ullo
428 3398 567 3472 proiectu
583 3395 689 3456 animi:
715 3411 804 3455 nemo
819 3395 849 3455 in
865 3395 1034 3471 conspicuo

65 3488 190 3541 mortem
212 3481 318 3552 habet,
340 3499 429 3543 nemo
451 3498 511 3542 non
527 3481 635 3557 procul
651 3496 726 3555 spes
742 3479 878 3541 intendit.
911 3479 1035 3556 quidam
