2438 3968
137 244 199 306 uoo
423 243 455 302 L.
476 241 621 300 ΑΝΝΑΕΙ
644 228 817 302 εΕΝΕοΑΕ

134 424 148 456 s
223 395 357 453 Candida
372 396 408 453 de
422 395 503 453 niueo
515 393 676 451 subtemina
689 396 795 452 uellere
808 395 894 452 sumit

219 480 314 538 Felici
325 478 507 537 moderando
520 493 625 548 manu,
648 493 723 550 quae
737 477 825 536 ducto
838 479 966 537 colorem

220 561 416 636 Adsumpsere
430 575 543 619 nouum.
571 563 718 619 mirantur
730 556 824 634 pensa
835 575 970 620 sorores:

218 645 432 704 Mutatur’uiiis
437 644 566 718 pretioso
579 646 651 702 iana
664 647 789 704 metallo.

218 729 320 789 Aureo
331 728 462 800 formoso
476 727 655 786 descendunt
667 731 766 787 secula
779 730 836 793 tilo.

221 813 281 871 Nec
294 813 397 871 modus
410 820 453 870 cst
468 813 539 884 iilis,
557 810 661 883 felicia
676 813 783 880 uellera
797 812 909 870 ducunt

219 897 259 955 Et
268 895 402 968 pandent
413 897 526 969 inplere
539 910 652 953 marcus.
678 905 744 953 sunt
758 895 858 954 dulcio
868 911 974 968 pensa.

218 979 326 1053 Sponte
338 995 394 1037 suo
405 977 530 1050 festinat
541 993 614 1053 opus
628 981 764 1052 nulloque
777 979 876 1038 labore

219 1063 323 1122 Mollia
337 1070 465 1122 contorto
479 1062 659 1120 descendunt
670 1064 796 1120 stamina
807 1061 886 1134 fuso.

225 1147 352 1205 Vincunt
367 1145 483 1205 Tithoni
489 1190 495 1215 ‚
515 1147 633 1204 oincunt
644 1151 673 1203 et
685 1146 813 1204 Nestoris
827 1159 929 1204 annos.

220 1230 351 1290 Plcoemcs
364 1231 449 1288 adest
461 1236 606 1302 contnpue
619 1231 700 1287 iuuat
709 1229 876 1303 paudetquc
885 1227 1005 1299 futuris

218 1313 258 1372 Et
270 1317 364 1372 laetus
378 1330 456 1372 nnnc
468 1315 583 1387 plectra
597 1320 701 1383 movet,
724 1329 802 1371 nunc
811 1327 907 1387 pensa
921 1313 1084 1372 ministrat.

218 1398 332 1456 Detinet
344 1399 468 1456 intentas
482 1402 569 1455 cautu
580 1395 719 1469 fallitque
731 1397 869 1456 lahorem.

217 1482 350 1555 Dumque
360 1483 446 1539 nimis
457 1481 602 1539 citnaram
609 1479 807 1553 fraternoque
816 1481 952 1539 carmina
962 1480 1102 1552 laudant,

218 1565 288 1624 Plus
300 1567 382 1625 solito
395 1580 503 1623 neuere
516 1579 621 1622 monus
633 1564 819 1636 humanoque
830 1562 898 1635 fato

219 1649 386 1710 Leucorum
400 1649 595 1707 transscendit
608 1663 688 1720 opus.
725 1648 786 1718 „Ne
800 1648 911 1715 demite,
929 1647 1058 1719 Parcae,

218 1732 349 1791 Pitoebus
362 1735 418 1791 nit:
439 1735 537 1791 uincat
549 1733 678 1791 mortuiis
692 1738 822 1804 tempora
836 1734 912 1790 uitae

217 1815 274 1874 Ille
289 1817 361 1874 milei
372 1817 474 1875 similis
488 1817 563 1875 voltu
576 1817 733 1888 similisque
747 1814 865 1886 decore,

218 1899 278 1956 Nec
291 1905 379 1957 cantu
394 1916 448 1958 nec
461 1915 529 1958 uoce
542 1901 653 1958 minor.-
670 1898 775 1970 feir'cia
788 1900 873 1957 lassis

218 1982 324 2041 Secula
332 1984 496 2056 praestabit
507 1985 659 2056 iepumque
672 1984 788 2041 silentio
801 1987 925 2056 rumpet.

220 2065 320 2136 Qualis
334 2067 489 2125 discutiens
499 2059 648 2140 supientia
661 2066 786 2138 Lucifer
798 2073 881 2124 astra

217 2150 277 2210 Aut
289 2152 385 2224 quotis
398 2153 494 2222 surpn
506 2151 693 2209 redeuntibus
705 2149 855 2224 Hesperus
869 2150 970 2228 ostris,

221 2233 334 2304 Oualis,
356 2249 421 2292 cum
433 2237 562 2307 primum
575 2234 699 2293 tenebris
713 2234 832 2292 ,lurora
846 2233 945 2292 solutis

105 2379 107 2385 ,
217 2318 344 2376 inducit
355 2318 521 2377 rubicundo
535 2319 624 2389 diem,
647 2317 698 2377 Sol
711 2318 837 2392 adspicit
848 2316 945 2375 orbem

216 2402 346 2460 Lucidus
358 2408 387 2460 ct
394 2405 508 2477 primos
522 2418 541 2460 a
554 2417 676 2461 carcere
689 2404 814 2461 concitat
826 2416 916 2459 aces:

134 2509 157 2542 so
222 2484 300 2544 Talis
316 2485 425 2544 Caesar
438 2487 534 2556 adest,
556 2488 642 2544 talem
656 2488 715 2543 iam
729 2485 822 2544 Roma
834 2485 978 2542 Neronem

217 2569 375 2643 adspiciet.
400 2572 516 2643 stuprat
526 2569 636 2628 nitidus
645 2568 767 2641 sulpure
780 2570 899 2627 remisso

225 2653 321 2712 Voltus
336 2659 364 2711 et
378 2653 487 2725 adfuso
500 2655 602 2712 ceroiu
611 2651 745 2724 formosa
759 2655 895 2726 capilio.“

103 2733 215 2796 illaec
236 2736 358 2809 Apollo.
388 2737 428 2795 At
447 2734 607 2808 Lachesis
635 2749 712 2809 quae
726 2742 754 2794 et
774 2735 842 2808 ipso
856 2733 968 2792 homini
984 2733 1099 2799 lorino-

135 2816 256 2878 sissimo
278 2819 407 2891 faveret,
431 2819 501 2879 lecit
516 2819 588 2878 illud
604 2818 693 2893 plens
707 2833 798 2877 manu
815 2824 844 2876 et
858 2816 968 2876 Neroni
985 2816 1098 2876 multos

133 2915 231 2961 annos
246 2901 284 2960 de
298 2918 356 2962 suo
372 2902 473 2962 donat.
506 2902 660 2962 Claudium
676 2907 774 2961 autem
790 2902 893 2960 iubent
906 2915 1013 2959 omnes

231 2984 417 3064 χαίροντας,
439 2978 668 3064 εὐφημοῦντας
681 2981 856 3063 ἐκπέμπειν
871 2976 991 3062 δόμων.

132 3066 170 3127 Et
189 3070 238 3128 ille
259 3068 381 3144 quidem
403 3070 530 3128 enimam
550 3069 663 3129 ebulliit
677 3075 707 3128 et
722 3084 760 3127 ex
776 3084 812 3128 eo
829 3068 918 3128 desiit
930 3069 1035 3126 vivere
1054 3069 1098 3126 vi·

134 3149 207 3209 deri.
229 3152 394 3228 exspiravit
408 3160 521 3227 autem,
538 3153 607 3213 dum
624 3153 789 3213 comoedos
800 3152 896 3225 audit,
912 3151 1038 3213 utscias
1049 3167 1099 3211 me

102 3237 193 3292 enon
215 3235 280 3295 sine
301 3253 393 3296 cause
413 3237 481 3298 illos
501 3236 615 3297 timere.
649 3237 758 3299 Ultimo
771 3252 832 3296 vox
848 3236 913 3296 eius
929 3235 1005 3295 haec
1021 3235 1100 3295 inter

134 3315 272 3379 homines
289 3319 390 3379 audite
405 3329 467 3395 est,
490 3337 557 3381 cum
572 3320 714 3381 maiorem
731 3319 862 3380 sonitum
877 3318 1032 3380 emisisset
1047 3321 1100 3378 ille

134 3407 234 3472 pane,
256 3419 315 3476 qua
334 3403 450 3464 facilius
465 3405 660 3478 loquebatur:
693 3405 777 3478 „Vae
790 3411 853 3463 me!
874 3410 962 3478 puio,
985 3418 1098 3463 conee-

133 3483 201 3542 cavi
216 3489 291 3542 me.“
325 3486 411 3558 Quod
426 3504 464 3546 an
479 3489 582 3548 leserit
596 3488 716 3548 nescio:
739 3488 838 3550 omnia
853 3496 934 3547 certe
949 3502 1099 3548 concaca-
