2438 3968
123 277 178 337 ΑΙ)
186 274 364 335 Helvium
371 273 536 334 MATREM
543 273 593 332 DE
601 269 899 332 CONSOLATIONE.
908 279 995 333 lala.
1010 267 1072 333 253

103 428 277 489 Ducebatur
292 425 419 486 Athenis
436 424 475 484 ad
491 423 672 499 supplicium
683 422 849 496 Aristides,
873 423 920 482 cui
933 422 1101 499 quisquis?

103 517 293 582 occurrerat,
317 509 466 569 deiciebat
486 509 592 568 oculos
612 514 642 566 et
665 507 897 582 ingemiscebat,
919 523 978 568 non
998 514 1072 567 tam·

105 612 196 672 quam
212 595 241 654 in
257 593 409 654 hominem
424 594 536 652 iustum
552 591 607 652 sed
623 597 767 664 tanquam
777 590 808 650 in
820 591 919 665 ipsam
929 591 1072 651 iustitiam

104 679 404 740 animadverteretur.
431 677 572 737 inventus
585 683 632 735 est
650 682 764 748 tamen,
781 674 874 749 quiin
887 675 1071 735 laoiemoins

103 765 276 838 inspueret=
305 767 425 836 poterat
444 760 506 838 [ob]
524 759 584 820 hoc
597 759 725 820 moleste
741 760 835 833 lerre,
859 758 940 832 quod
956 758 1073 820 sciebat

104 845 299 908 neminemid
315 860 460 905 ausurum
474 844 542 918 puri
557 843 630 904 oris.
658 845 752 904 atille
767 841 911 903 abstersit
924 841 1032 902 faciem
1043 852 1073 904 et
1179 918 1181 922 Α

104 931 267 992 subridens
280 929 321 990 ait
333 929 484 989 comitanti
497 943 531 988 se
543 927 744 1002 magistratuiz
759 928 909 1001 „admone
920 925 1020 999 istum,
1034 942 1073 986 ne

106 1023 215 1092 postea
231 1023 291 1074 tam
308 1013 438 1088 inprobe
456 1011 594 1073 oscitet.“
628 1011 695 1071 Hoc
712 1012 767 1072 luit
784 1010 997 1072 contumeliam
1013 1009 1073 1086 ipsi

104 1097 305 1162 contumeliae
317 1097 427 1157 lacere.
454 1095 543 1157 Scio
560 1095 890 1172 quosdamdicere
905 1101 1101 1165 contem-g

106 1191 172 1260 ptu
185 1181 281 1241 nihil
297 1196 386 1240 esse
400 1181 574 1255 gravius,
589 1177 1071 1255 mortemipsispotioremvideri.

104 1267 159 1327 His
176 1281 233 1341 ego
253 1263 448 1340 respondebo
467 1271 497 1325 et
511 1263 632 1325 exilium
647 1278 741 1339 saepe
753 1263 979 1337 contemptione
990 1261 1072 1323 omni

106 1366 220 1411 carere.
253 1350 279 1408 si
295 1364 423 1423 magnus
435 1347 481 1407 vir
496 1347 617 1420 cecidit,
633 1362 761 1422 magnus
776 1347 882 1418 iacuit,
899 1362 960 1406 non
974 1344 1072 1421 magis

104 1436 186 1493 illum
203 1439 291 1508 putes
307 1431 467 1505 contemni,
484 1446 574 1507 quam
590 1446 657 1491 eum
668 1431 789 1491 aedium
801 1445 955 1491 sacrarum
967 1429 1072 1489 ruinae

104 1517 274 1590 calcantur,
299 1532 376 1592 quas
393 1515 527 1589 religiosi
542 1531 640 1590 aeque
655 1531 690 1575 ac
706 1515 814 1576 stantis
830 1515 966 1573 adorant.

166 1601 245 1660 XIV.
284 1598 468 1672 Quoniam
502 1614 581 1660 meo
617 1599 767 1658 nomine
802 1596 899 1657 nihil
934 1596 1099 1672 habes,1

105 1691 223 1744 mater
251 1684 470 1756 carissima,
501 1683 603 1758 quod
631 1689 667 1742 te
692 1683 728 1742 in
756 1682 934 1743 infinitas
956 1680 1072 1742 lacri-

104 1784 181 1828 mas
211 1774 312 1842 agat,
342 1766 520 1842 sequitur
547 1774 585 1827 ut
613 1782 755 1828 causae
777 1775 863 1828 tuae
884 1774 919 1828 te
941 1765 1072 1827 stimu-

105 1853 192 1911 lent.
215 1858 305 1911 sunt
322 1858 445 1911 autem
461 1851 573 1911 duae:
596 1850 1071 1924 namautilludtemovet,

106 1934 207 2009 quod
238 1935 476 2008 praesidium
506 1934 667 2010 aliquod
694 1934 844 1996 videris
873 1934 1070 2011 amisisse,

104 2026 167 2079 aut
188 2019 300 2092 illud,
323 2019 423 2094 quod
444 2017 681 2078 desiderium
702 2020 825 2095 ipsum
849 2035 915 2094 per
931 2036 970 2080 se
991 2022 1072 2096 pati

106 2119 178 2163 non
203 2110 325 2178 potes.

166 2186 273 2247 Prior
294 2202 385 2262 pars
408 2185 497 2246 mihi
519 2187 660 2246 leviter
680 2188 1100 2264 perstringendaestzq

104 2271 177 2330 novi
192 2270 271 2330 enim
284 2272 415 2331 animum
429 2278 512 2330 tuum
527 2271 600 2329 nihil
615 2271 643 2328 in
660 2271 724 2330 suis
739 2279 860 2345 praeter
870 2272 956 2346 ipsos
968 2288 1070 2333 aman·

104 2362 174 2414 tem.
210 2354 349 2414 Viderint
373 2355 441 2413 illae
464 2362 591 2427 matres,
621 2369 700 2429 quae
720 2355 886 2428 potentiam
909 2356 1070 2417 liberorum

105 2436 243 2496 muliebri
258 2436 426 2511 inpotentia
437 2445 596 2512 exercent,
612 2453 705 2511 quae,
723 2437 793 2511 quia
807 2438 926 2499 leminis
937 2439 1070 2501 honores

105 2536 168 2579 non
189 2520 259 2580 licet
278 2535 399 2594 gerere,
423 2537 479 2596 per
498 2521 567 2580 illos
588 2520 765 2580 ambitiosae
780 2529 864 2596 sunt,
888 2539 966 2597 quae
981 2524 1070 2599 patri-

105 2602 208 2663 monia
226 2603 356 2663 filiorum
376 2613 406 2665 et
428 2603 609 2664 exhauriunt
630 2611 659 2664 et
679 2610 813 2679 captant,
833 2623 912 2680 quae
927 2607 1071 2682 eloquen-

105 2689 177 2748 tiam
199 2686 420 2748 commodando
443 2687 509 2747 aliis
529 2688 674 2763 fatigant=
707 2695 739 2748 tu
763 2689 927 2749 liberorum
951 2698 1100 2768 tuorum3

104 2771 195 2833 bonis
218 2769 377 2847 plurimum
394 2772 501 2846 gavisa
522 2787 572 2845 es,
593 2772 746 2832 minimum
760 2789 826 2833 usa.
856 2780 888 2834 tu
902 2774 1071 2836 liberalitati

106 2863 231 2916 nostrae
258 2870 381 2930 semper
405 2855 567 2930 inposuisti
587 2857 730 2929 modum,
759 2873 827 2917 cum
849 2864 920 2918 tuae
940 2875 1001 2920 non
1026 2859 1070 2918 in·

106 2954 250 3014 poneres.
291 2946 322 2998 tu
349 2938 411 2998 filia
432 2939 562 2998 familiae
583 2940 785 3015 locupletibus
807 2940 877 3001 filiis
898 2942 976 3003 ultro
999 2958 1070 3002 con·

105 3021 208 3083 tulisti.
229 3030 263 3082 tu
274 3021 453 3097 patrimonia
463 3030 569 3083 nostra
580 3024 624 3083 sic
635 3024 861 3099 administrasti,
875 3032 908 3086 ut
918 3033 1071 3101 tamquam

105 3105 136 3166 in
151 3104 210 3166 tuis
224 3107 396 3181 laborares,
418 3115 570 3183 tamquam
585 3107 691 3168 alienis
706 3108 884 3169 abstineres.
912 3116 944 3170 tu
957 3110 1071 3185 gratiae

106 3196 243 3264 nostrae,
266 3198 419 3264 tamquam
439 3191 506 3251 aliis
525 3191 618 3251 rebus
639 3192 781 3266 utereris,
804 3193 967 3268 pepercisti
988 3201 1071 3255 etex

106 3271 273 3334 honoribus
290 3275 404 3335 nostris
420 3274 492 3334 nihil
507 3275 546 3334 ad
560 3282 587 3335 te
598 3276 657 3336 nisi
670 3276 810 3350 voluptas
823 3284 852 3336 et
862 3277 991 3352 inpensa
1001 3293 1070 3353 per·

106 3357 208 3417 tinuit=
229 3373 393 3433 numquam
408 3358 593 3434 indulgentia
606 3359 645 3419 ad
659 3358 815 3420 utilitatem
831 3362 977 3435 respexit.
1002 3362 1070 3423 Non

106 3446 194 3514 potes
207 3440 353 3517 itaqueea
364 3443 393 3502 in
401 3449 505 3518 erepto
513 3442 575 3503 lllio
583 3441 768 3517 desiderare,
781 3448 920 3518 quaep'n]
928 3445 1069 3507 incolumi

105 3539 269 3598 numquam
285 3526 322 3585 ad
339 3534 369 3586 te
383 3525 534 3601 pertinere
551 3527 673 3588 duxisti.
