2438 3968
202 247 264 312 246
377 247 411 308 t.
431 245 578 307 ANNAEI
595 243 770 306 SENECAE
790 243 893 304 DlAL.
913 242 978 302 XII.

198 398 374 475 splendent.
401 405 432 457 et
454 395 515 456 hoc
541 395 733 470 cogitandum
754 401 817 469 est,
837 394 897 455 ista
911 395 994 454 veris
1009 394 1102 456 bonis
1120 412 1173 471 per

201 485 280 544 lalsa
300 490 331 542 et
350 495 445 557 prave
466 479 580 540 credita
601 478 733 539 obstare.
769 478 834 551 Quo
854 477 1012 553 longiores
1033 481 1173 554 porticus

166 555 170 564 ”
202 564 400 643 expedierint,
416 580 477 640 quo
492 564 581 624 altius
595 569 693 623 turres
708 562 893 636 sustulerint,
906 579 968 636 quo
979 564 1071 623 latius
1085 563 1173 623 vicos

203 649 397 722 correxerint,
413 663 474 724 quo
490 646 669 722 depressius
683 647 817 706 aestivos
828 662 942 721 specus
954 646 1098 720 foderint,
1112 665 1173 721 quo

202 734 308 796 maiori
328 734 408 793 mole
428 730 548 806 fastigia
562 729 773 790 coenationum
788 730 1003 804 subduxerint,
1025 730 1087 790 hoc
1103 733 1173 806 plus

173 820 270 893 terit,
297 817 380 892 quod
399 813 457 875 illis
478 815 596 875 coelum
616 814 794 875 abscondat.
826 814 859 872 ln
881 829 947 873 eam
968 822 999 875 te
1014 815 1172 890 regionem

203 918 295 964 casus
316 900 416 973 eiecit,
437 899 466 957 in
487 914 549 972 qua
565 898 763 958 lautissimum
778 899 1004 973 receptaculum
1019 913 1097 958 casa
1111 909 1172 961 est:

202 1002 260 1046 nae
273 992 306 1045 tu
319 983 419 1058 pusilli
433 980 524 1041 animi
537 997 572 1042 es
585 989 616 1042 et
627 982 753 1042 sordide
765 997 800 1042 se
814 981 1013 1055 consolantis,
1021 982 1048 1042 si
1062 982 1135 1044 ideo
1143 984 1171 1042 id

203 1069 318 1130 fortiter
333 1067 453 1142 pateris,
466 1063 538 1140 quia
547 1065 667 1126 Romuli
678 1081 781 1125 casam
792 1066 882 1126 nosti.
905 1065 955 1126 dio
965 1065 1040 1125 illud
1053 1068 1172 1141 potius:

202 1151 283 1214 istud
302 1149 414 1210 humile
434 1151 584 1225 tugurium
600 1165 710 1224 nempe
723 1150 848 1209 virtutes
862 1148 985 1224 recipit:
1001 1151 1064 1210 iam
1080 1152 1172 1211 omni·

202 1238 261 1298 bus
287 1234 407 1310 templis
432 1234 596 1295 formosius
619 1234 689 1307 erit,
709 1248 776 1293 eum
795 1233 857 1293 illic
876 1233 989 1294 iustitia
1005 1242 1172 1310 conspecta

203 1319 306 1392 luerit,
327 1334 395 1379 cum
410 1317 608 1391 continentia,
629 1333 696 1377 cum
713 1317 887 1392 prudentia,
908 1318 1022 1392 pietas,
1038 1321 1170 1379 omnium

203 1402 373 1465 officiorum
392 1409 476 1462 recte
497 1401 773 1476 dispensandorum
793 1402 885 1474 ratio,
910 1400 1114 1463 humanorum
1130 1404 1170 1462 di·

202 1488 404 1560 vinorumque
417 1483 552 1546 scientia.
573 1486 678 1545 Nullus
692 1492 840 1559 angustus
855 1493 903 1546 est
916 1486 1014 1559 locuS,
1031 1488 1085 1561 qui
1096 1488 1171 1547 hanc

203 1579 264 1632 tam
271 1586 444 1645 magnarum
451 1569 717 1629 virtutumturbam
725 1570 814 1645 capit.
827 1571 941 1630 nullum
948 1569 1073 1630 exilium
1081 1586 1170 1646 grave

174 1652 265 1727 test,
290 1655 321 1713 in
346 1653 430 1729 quod
453 1655 524 1713 licet
544 1669 611 1713 cum
633 1653 693 1713 hoo
712 1654 756 1711 ire
776 1654 927 1715 comitatu.
960 1653 1076 1714 Brutus
1092 1657 1121 1714 in
1136 1669 1169 1712 eo

94 1799 97 1806 ,
204 1738 296 1811 libro,
313 1754 402 1813 quem
416 1739 461 1798 dc
475 1737 620 1797 virtute
635 1737 810 1811 conposuit,
832 1737 873 1797 ait
887 1753 922 1798 sc
935 1737 1116 1798 Marcellum
1129 1738 1170 1797 vi-

205 1820 289 1881 disse
302 1820 456 1899 Mytilenis
477 1823 648 1881 exulantem
669 1828 700 1880 et
719 1827 864 1895 quantum
884 1821 976 1882 modo
996 1830 1106 1883 natura
1120 1823 1170 1882 ho-

205 1903 293 1963 minis
308 1910 474 1978 pateretur,
490 1903 664 1964 beatissime
679 1905 830 1964 viventem
843 1919 945 1980 neque
958 1921 1106 1981 umquam
1122 1923 1169 1965 cu-

205 1986 352 2062 pidiorem
369 1986 515 2047 bonarum
529 1988 637 2048 artium
652 1989 741 2063 quam
756 1989 807 2049 illo
823 1996 967 2064 tempore.
990 1989 1097 2064 itaque
1110 1989 1170 2049 adi-

205 2072 259 2132 cit:
280 2073 372 2133 oisum
384 2073 441 2132 sibi
453 2075 591 2146 senapis
604 2075 635 2132 in
649 2075 770 2134 exilium
784 2075 843 2146 ire,
858 2077 983 2147 quisine
996 2077 1047 2134 illo
1061 2076 1170 2134 redita-

176 2156 257 2217 5rus
278 2162 364 2228 esset,
387 2172 475 2231 quom
495 2158 576 2216 illum
589 2158 620 2214 in
633 2159 721 2217 exilio
734 2159 871 2232 relinqui.
906 2156 929 2218 0
943 2158 1170 2218 fortunatiorem

204 2239 378 2301 Marcellum
401 2254 438 2300 eo
456 2247 607 2314 tempore,
633 2257 693 2313 quo
709 2239 832 2300 exilium
848 2257 937 2301 suum
950 2241 1044 2302 Bruto
1061 2243 1170 2318 adpro-

204 2324 298 2398 bavit,
325 2340 416 2398 quam
442 2339 502 2399 quo
527 2322 713 2397 reipublicae
738 2325 943 2386 consulatum!
967 2333 1102 2400 quantus
1128 2324 1171 2384 vir

205 2408 255 2468 ille
270 2408 337 2482 luit,
361 2409 412 2484 qui
427 2407 542 2480 effecit,
563 2414 596 2467 ut
609 2408 718 2483 aliquis
734 2409 805 2468 exul
819 2407 878 2468 sibi
892 2408 1069 2483 videretur,
1091 2409 1171 2486 quod

205 2491 243 2551 ab
264 2494 354 2551 exule
374 2492 552 2552 recederet?
584 2499 713 2566 quantus
728 2490 775 2551 vir
789 2491 858 2565 luit,
884 2492 980 2568 quiin
999 2494 1170 2554 admiratio·

205 2591 273 2634 nem
299 2575 346 2635 sui
372 2575 499 2635 adduxit
518 2575 669 2636 hominem
684 2573 774 2635 etiam
790 2575 894 2635 Catoni
908 2591 966 2637 suo
981 2576 1172 2638 mirandum?

177 2658 288 2718 didam
313 2659 423 2719 Brutus
449 2658 504 2719 ait:
534 2659 565 2718 θ.
580 2660 736 2719 &cesarem
750 2660 909 2736 Mytilenas
920 2669 1171 2736 praetervectum,

204 2745 276 2818 quio
289 2759 348 2802 non
359 2745 514 2804 eastimet
526 2743 626 2803 videre
639 2743 836 2816 deformatam
850 2747 954 2805 viram.
987 2745 1032 2805 llli
1049 2746 1171 2821 quidem

204 2823 335 2886 reditum
355 2825 517 2900 inpetravit
537 2832 662 2885 senatus
683 2826 812 2901 publicis
828 2827 971 2902 precibus
984 2835 1045 2888 tam
1061 2828 1171 2890 sollici-

204 2915 254 2969 tus
276 2924 312 2968 ao
331 2917 482 2981 moestus,
503 2915 537 2970 ut
558 2927 663 2970 omnes
683 2911 734 2968 illo
749 2911 799 2970 die
811 2911 897 2972 Bruti
910 2911 1025 2972 habere
1040 2914 1172 2973 animum

204 2992 381 3053 viderentur
405 3000 436 3053 et
456 3010 517 3053 non
539 3011 595 3068 pro
609 2993 769 3067 Marcello,
796 2995 852 3054 sed
873 3011 929 3069 pro
946 3010 981 3055 se
996 2996 1172 3071 deprecari,

205 3093 245 3138 ne
270 3078 376 3138 exules
402 3083 519 3151 essent,
547 3078 573 3136 si
598 3078 665 3138 sine
685 3077 736 3138 illo
757 3078 901 3138 luissent=
923 3080 978 3139 sed
992 3081 1064 3155 plus
1080 3081 1172 3141 multo

207 3168 392 3221 consecutus
412 3167 474 3235 est,
501 3178 563 3236 quo
579 3161 628 3221 die
642 3162 724 3221 illum
740 3164 859 3222 exulem
873 3162 984 3224 Brutus
999 3162 1173 3241 relinquere

206 3259 267 3305 non
283 3244 394 3319 potuit,
411 3244 523 3306 Caesar
538 3245 650 3305 videre.
672 3246 798 3321 contigit
813 3245 892 3307 enim
911 3246 951 3307 illi
966 3246 1174 3309 testimonium

207 3325 379 3402 utriusque:
394 3329 505 3389 Brutus
521 3329 587 3390 sine
597 3329 742 3390 Marcello
757 3331 868 3390 reverti
884 3346 919 3390 se
934 3329 1044 3405 doluit,
1061 3333 1175 3392 caesar

179 3410 334 3472 'lerubuit
365 3411 441 3471 Num
461 3413 596 3488 dubitas,
624 3414 695 3489 quin
718 3429 753 3474 se
767 3414 816 3473 ille
830 3413 994 3476 Marcellus
1010 3423 1113 3478 tantus
1128 3416 1175 3475 vir

205 3492 253 3554 sie
270 3494 308 3553 ad
322 3494 512 3558 tolerandum
528 3513 627 3573 aequo
641 3497 741 3558 animo
754 3496 876 3559 exilium
887 3514 982 3575 saepe
994 3501 1174 3561 adhortatus
