2438 3968
166 254 199 314 L.
213 255 301 313 ANN.
317 254 446 315 stultae.
465 255 523 370 ΜΞ
534 255 752 315 CLEMENTIA
771 256 843 317 LlB.
856 258 878 316 Ι.
900 267 925 318 1.
969 256 1031 321 277

62 406 199 466 strictum
220 405 303 480 apud
323 420 371 464 me
391 405 502 466 terrum
523 411 583 476 est,
612 421 728 465 summa
743 405 928 479 parsimonia
941 407 1032 469 etiam

64 489 201 549 vilissimi
223 488 389 563 sanguinis.
419 504 507 548 nemo
529 504 606 562 non,
629 488 677 547 cui
693 487 750 548 alia
765 489 879 563 desint,
899 490 1030 554 hominis
1078 557 1080 562 ,

62 572 185 633 nomine
199 573 281 648 apud
295 588 343 632 me
357 573 510 647 gratiosus
525 579 580 632 est.
617 571 815 633 Severitatem
832 572 979 648 abditam,
1003 581 1063 638 ate

62 656 250 718 clementiam
262 653 293 714 in
305 653 464 731 procinctu
475 654 584 717 liabeo.
605 655 650 715 sic
659 671 707 716 me
716 657 864 729 custodie,
877 664 1030 734 tamquam

63 740 196 815 legibus,
218 755 295 814 ques
310 755 350 798 ex
364 740 423 799 situ
437 755 474 799 ac
489 739 620 800 tenebris
632 739 661 798 in
672 740 771 800 lucem
783 742 924 815 evocavi,
940 741 1030 803 ratio·

63 839 132 884 nem
151 822 326 884 redditurus
347 822 413 883 sim.
455 823 588 884 Alterius
609 829 707 883 aetate
727 822 825 898 prima
839 831 938 885 motus
953 842 1032 900 sum,

63 907 186 968 alterius
206 905 320 967 ultima.
342 906 433 966 aliurn
455 905 590 981 dignitati
606 907 732 978 donavi,
757 907 847 967 alium
862 907 1030 970 humilitati.

64 990 206 1066 quotiens
226 990 338 1049 nullam
358 989 533 1050 inveneram
554 988 782 1051 misericordiae
800 1006 939 1066 causam,
960 991 1030 1052 milti

63 1074 196 1150 peperci.
232 1073 329 1133 Hodie
344 1074 392 1134 dis
406 1073 630 1150 inmortalibus,
644 1072 670 1135 si
686 1091 704 1134 a
718 1090 766 1135 me
780 1075 926 1136 rationem
942 1091 1030 1151 repe

63 1163 140 1238 tant,
169 1158 369 1217 adnumerare
390 1173 487 1232 genus
506 1158 670 1219 humanum
687 1164 810 1232 paratus
829 1175 906 1220 sum.
940 1160 1062 1221 Potest

61 1242 136 1316 hoc,
159 1240 286 1314 Caesar,
309 1242 454 1303 audacter
468 1243 661 1316 praedicare,
684 1242 785 1302 omnia
800 1243 922 1317 quaein
939 1243 1031 1305 fidem

62 1325 253 1400 tutelamque
279 1333 360 1385 tuum
383 1334 538 1400 venerunt,
569 1328 789 1399 didicentissimc
808 1327 933 1400 fovJeri,
958 1326 1031 1387 nihii

62 1425 118 1484 per
138 1415 168 1469 te
189 1424 289 1482 neque
308 1409 338 1467 vi
359 1425 460 1483 neque
482 1410 558 1470 clam
577 1412 692 1482 [domni
697 1410 819 1485 parlari
833 1410 1029 1485 reipublicae.

61 1490 257 1552 Rarissimam
277 1492 397 1553 laudem
414 1501 444 1553 et
462 1493 533 1554 nulli
550 1493 650 1553 adhuc
666 1491 835 1567 principum
851 1508 1030 1555 concessam

62 1575 246 1651 concupisti,
269 1575 479 1638 innocentiam.
506 1577 573 1637 Non
587 1575 691 1650 perdis
703 1591 827 1650 operam
838 1592 896 1638 nec
909 1576 1029 1638 bonitus

61 1661 120 1720 ista
148 1666 199 1719 tua
225 1658 388 1735 singularis
408 1658 543 1736 ingratos
569 1667 622 1721 aut
645 1660 794 1733 malignos
819 1660 1030 1723 aestimatores

62 1749 150 1803 nacta
170 1750 226 1804 cst.
255 1743 385 1805 retertur
406 1743 458 1805 tibi
472 1745 582 1818 gratia:
604 1758 692 1802 nemo
708 1759 787 1803 unus
802 1744 893 1804 homo
909 1745 959 1804 uni
975 1745 1030 1806 ho·

61 1827 133 1886 mini
153 1834 214 1886 tam
237 1841 326 1887 carus
348 1844 491 1904 umquam
512 1829 567 1889 luit
587 1843 678 1902 quam
699 1833 731 1887 tu
753 1827 867 1901 populo
881 1826 1028 1902 Romano,

62 1926 202 1986 magnum
222 1911 410 1986 longumque
431 1910 497 1972 eius
518 1911 641 1971 bonum.
676 1908 737 1971 Sed
757 1911 864 1985 ingens
881 1910 934 1972 tibi
950 1923 1061 1980 onuso

61 1991 238 2070 inposmstt=
266 2011 355 2055 nemo
376 1994 435 2055 iam
457 1994 558 2055 divum
573 1997 744 2070 Augustum
761 2010 817 2054 nec
831 1995 939 2054 Tiberii
955 1994 1027 2057 Cae·

62 2078 140 2138 saris
156 2079 253 2153 prima
266 2086 405 2154 tempora
419 2080 561 2154 loquitur.
588 2094 676 2140 nemo
693 2079 777 2153 quod
792 2087 822 2141 te
835 2078 942 2139 imitari
957 2078 1029 2139 velit

62 2163 231 2238 exemplar,
253 2171 339 2225 extra
358 2170 387 2224 te
409 2164 540 2238 quaerit:
569 2161 757 2238 principatus
778 2168 848 2223 tuus
870 2162 909 2221 ad
929 2160 1030 2222 obrus-

60 2259 125 2304 sam
155 2247 292 2321 exigitur.
329 2247 458 2309 Difficile
478 2248 538 2309 hoe
553 2248 675 2321 luisset,
697 2247 724 2307 si
739 2261 798 2305 non
815 2246 960 2305 naturalis
975 2243 1029 2304 tibi

61 2330 119 2388 ista
139 2329 258 2391 bonitas
279 2340 376 2401 esset,
400 2333 456 2391 sed
476 2333 515 2391 ad
536 2337 656 2405 tempus
678 2337 808 2404 sumpta.
837 2344 925 2389 nemo
948 2326 1028 2389 enim

61 2420 165 2489 potest
183 2429 345 2488 personam
368 2415 418 2475 diu
441 2417 528 2474 serre.
560 2415 631 2475 licta
651 2413 710 2474 cito
732 2412 918 2473 intraturam
940 2427 1028 2472 suam

60 2496 208 2558 recidunt.
239 2497 349 2572 quibus
370 2498 482 2560 veritas
498 2498 616 2570 subest,
640 2511 795 2571 quaeque,
817 2502 849 2556 ut
863 2496 903 2556 ita
919 2494 1026 2570 dicam,

61 2597 100 2641 ex
121 2581 220 2642 solido
240 2587 438 2656 enascuntur,
461 2590 598 2655 tempore
612 2579 681 2654 ipso
697 2579 727 2640 in
742 2579 839 2640 maius
856 2579 1027 2655 meliusque

61 2665 241 2740 procedunt.
280 2665 421 2740 Magnam
452 2664 555 2726 adibat
581 2665 678 2724 aleam
702 2666 837 2739 populus
861 2663 1057 2736 Romanus,7

61 2765 129 2809 cum
149 2749 296 2809 incertum
316 2756 413 2823 esset,
438 2765 499 2824 quo
521 2765 556 2809 se
570 2752 627 2811 ista
643 2755 694 2809 tua
711 2748 821 2809 nobilis
836 2745 955 2808 indoles
973 2747 1025 2807 da-

59 2839 120 2892 ret:
143 2833 202 2891 iam
222 2839 293 2893 vota
314 2831 438 2908 publica
457 2833 485 2892 in
506 2840 567 2894 tuto
583 2841 662 2895 sunt.
691 2847 749 2893 nec
763 2830 842 2893 enim
857 2830 1026 2908 periculum

60 2924 120 2989 est,
142 2931 181 2975 ne
197 2923 225 2977 te
239 2914 338 2977 subita
355 2914 396 2976 tui
415 2917 514 2992 capiat
528 2916 650 2978 oblivio.
681 2916 765 2976 Facit
780 2915 901 2990 quidem
916 2914 1025 2994 avidos

60 2997 151 3060 nimia
170 2999 296 3060 felicitas
317 3015 375 3061 nec
396 3006 455 3061 tam
476 3008 661 3075 temperatae
681 2999 862 3076 cupiditates
878 3005 948 3060 sunt
962 3013 1026 3057 um·

61 3100 161 3157 quam,
176 3090 209 3143 ut
223 3083 252 3142 in
266 3098 312 3159 eo,
326 3085 408 3157 quod
421 3084 574 3160 contingit,
586 3084 734 3145 desinant.
754 3084 867 3158 gradus
880 3098 897 3143 a
908 3079 1027 3156 magnis

60 3168 99 3226 ad
120 3167 235 3228 maiora
250 3167 284 3228 lit
298 3173 328 3227 et
344 3184 417 3244 spes
432 3167 664 3244 inprobissimas
679 3169 910 3243 conplectuntur
924 3165 1026 3240 inspa-

57 3258 124 3311 rata
144 3251 297 3312 adsecutis
320 3253 460 3314 omnibus
482 3259 581 3312 tamen
600 3267 680 3311 nnnc
696 3249 814 3311 civibus
830 3251 890 3312 tuis
906 3257 936 3311 et
949 3249 1026 3310 haec

59 3335 215 3397 consessio
237 3336 426 3412 exprimitur,
447 3352 518 3397 esse
538 3336 658 3409 teliccs,
681 3343 711 3397 et
731 3335 795 3408 illa,
815 3334 886 3394 nihil
903 3334 962 3393 iam
977 3331 1025 3393 luis

58 3419 208 3480 accedere
228 3420 318 3482 bonis
334 3437 443 3496 posse,
466 3421 522 3481 nisi
539 3427 571 3480 ut
584 3424 731 3496 perpetua
746 3418 815 3480 sint.
849 3417 943 3479 Multa
957 3418 1058 3478 illese

59 3512 172 3579 cogunt
192 3505 231 3564 ad
249 3505 328 3564 hanc
349 3505 588 3580 confessionem,
610 3520 670 3580 qua
687 3504 769 3564 nulla
785 3503 814 3562 in
829 3501 952 3562 homine
965 3506 1023 3560 tar-
