2438 3968
200 243 264 308 274
485 243 518 301 L.
538 242 685 302 ΑΝΝΑΕΙ
709 241 883 302 SENECAE

201 411 271 457 nem
292 395 410 469 nigrum
431 396 587 467 villosum,
613 409 688 456 sane
708 410 769 454 non
791 409 881 468 quem
903 393 979 454 velis
1003 395 1057 455 tibi
1076 396 1109 454 in
1129 404 1171 457 te

173 477 305 540 tnebris
325 492 495 538 occurrere.
523 485 553 538 ot
570 493 679 552 magna
692 491 790 550 voce,
793 475 947 550 ,Claudius
963 484 1107 553 [Caesar],
1128 480 1170 539 in·

203 561 282 638 quit,
307 561 418 622 venit.“
454 569 484 621 et
509 567 583 635 [ecce
602 566 746 635 extemplo]
769 575 836 620 cum
863 561 974 634 plausu
1000 565 1171 636 procedunt

203 653 375 706 cantantes:
394 634 602 724 Εὑρήκαμεν,
619 645 855 724 συγχαίρωμεν.
891 643 1069 706 Hiccratc.
1078 645 1171 708 Silius

203 729 272 789 Cos.
285 729 476 803 designatus,
498 727 601 789 lunius
617 729 798 802 praetorius,
815 725 887 787 Sex.
898 726 1039 803 Traulus,
1052 729 1094 788 M.
1101 731 1169 791 Hel-

111 889 112 892 Ἴ
201 813 269 873 vius
289 813 421 887 Trogus,
450 813 553 886 Cotta,
578 811 697 872 Vettius
721 812 857 884 Valens,
882 810 1018 886 Fabius,
1050 814 1170 888 equites

200 898 287 957 Rom.
310 912 388 971 quos
408 896 570 956 Narcissus
590 895 659 955 duci
679 895 820 955 iusserat.
852 893 970 955 medius
986 904 1053 956 erat
1067 897 1099 956 in
1113 897 1170 958 hac

202 978 384 1040 cantantium
404 980 491 1040 turba
509 979 644 1039 Mnester
664 978 886 1054 pantomimae,
914 993 1006 1052 quem
1024 980 1170 1041 Claudius

172 1063 321 1128 odecoris
337 1078 432 1123 causa
451 1064 597 1124 minorem
611 1063 732 1121 lecerat.
768 1061 818 1120 Ad
830 1060 1028 1122 Messalinam
1043 1064 1105 1124 cito
1121 1081 1168 1125 ru-

201 1162 268 1206 mor
282 1145 454 1221 percrebuit
468 1145 622 1206 Claudium
636 1146 769 1205 venisse.
795 1147 958 1204 convolant
971 1147 1061 1221 primi
1073 1149 1168 1209 omni-

201 1247 252 1290 um
262 1229 360 1289 liberti
371 1230 532 1308 Polybius,
547 1229 674 1307 Myron,
688 1230 872 1305 Harpocras,
887 1229 1079 1304 Amphaeus,
1094 1231 1168 1290 Phe-

200 1321 360 1388 ronactes,
387 1319 509 1387 [Posides
528 1320 605 1372 hasta
624 1335 691 1388 pura
710 1318 842 1385 insignis,
870 1318 950 1370 Felix
970 1335 1030 1371 cum
1049 1321 1170 1373 Pallante

200 1403 313 1470 iratre,]
341 1414 419 1472 quos
442 1397 583 1458 Claudius
606 1413 727 1470 omnes,
758 1396 867 1456 necubi
891 1395 1051 1471 inparatus
1077 1408 1169 1472 esset,

201 1483 408 1558 praemiserat.
430 1481 541 1541 deinde
552 1480 697 1555 praelecti
708 1481 777 1553 duo,
794 1481 895 1540 Iustus
909 1480 1052 1542 Catonius
1067 1485 1168 1543 etRu-

202 1568 251 1626 ius
265 1565 401 1640 Pompeii
414 1565 463 1638 R,
487 1565 597 1624 deinde
616 1564 716 1636 amici,
739 1562 899 1624 Saturnius
913 1564 1026 1625 Lusius
1041 1574 1071 1627 et
1087 1566 1169 1626 Pedo

201 1650 365 1724 Pompeius
381 1655 411 1709 et
422 1649 527 1724 Lupus
543 1654 573 1707 et
587 1649 671 1707 Celer
685 1647 825 1719 AsiniuS,
848 1648 1037 1710 consulares.
1066 1650 1169 1711 novis·

203 1733 279 1793 sime
301 1733 400 1793 lratris
421 1732 497 1806 filia,
526 1731 642 1793 sororis
662 1731 738 1804 lilio,
764 1732 883 1806 generi,
908 1732 1024 1807 soceri,
1050 1749 1169 1804 socrus,

204 1831 310 1876 omnes
332 1817 422 1890 plane
443 1814 675 1890 consanguinei,
697 1820 727 1874 et
746 1813 865 1888 agmine
880 1816 959 1875 lacto
975 1815 1104 1876 Claudio
1122 1833 1170 1876 oc·

174 1905 335 1966 ocurrunt.
362 1898 445 1971 eros
460 1914 528 1959 cum
541 1898 667 1960 vidisset
678 1897 829 1972 Claudius
844 1901 1007 1958 exclamat
1030 1894 1171 1978 ,βάντα

203 1980 311 2061 φίλων
329 1973 446 2061 πλήρη.
481 1983 635 2056 quomodo
651 1997 707 2041 vos
720 1981 780 2041 huc
795 1980 966 2042 venistist“
999 1983 1076 2043 Tum
1088 1984 1169 2044 Pedo

201 2066 380 2140 Pompeius:
412 2064 511 2138 „Quid
531 2065 628 2140 dicis,
654 2066 745 2126 homo
771 2065 1004 2126 crudelissime?
1037 2067 1170 2163 quaeris,

205 2150 382 2226 quomodoa
401 2148 471 2224 quis
486 2149 565 2208 enim
580 2164 637 2208 nos
651 2149 728 2217 alius
742 2148 802 2209 huc
817 2148 898 2210 misit
912 2165 1003 2224 quam
1018 2155 1060 2224 tu,
1075 2151 1172 2211 omni·

202 2252 255 2296 um
275 2234 441 2294 amicorum
461 2232 655 2293 interlector?
687 2234 721 2292 In
741 2232 789 2293 ius
811 2249 932 2294 camus:
966 2248 1024 2307 ego
1046 2234 1103 2294 tibi
1124 2233 1172 2294 hio

204 2321 297 2380 sellas
312 2317 501 2379 ostendem.“

176 2412 191 2464 1
265 2403 344 2463 XIV.
366 2401 455 2463 Ducit
468 2402 551 2462 illum
565 2401 605 2460 ad
619 2400 749 2461 tribunal
763 2401 871 2460 Aeaci·
894 2401 921 2460 is
936 2401 1004 2475 lege
1022 2401 1172 2498 Cornelia,

205 2485 590 2561 quacdosicariislataest
597 2486 794 2560 ,quaerebat
815 2485 963 2581 postulat,
979 2500 1092 2545 nomen
1105 2485 1171 2545 eius

204 2568 345 2645 recipiat,
375 2570 438 2629 edit
464 2567 753 2666 subscriptionem·
762 2569 884 2628 occisos
904 2568 1171 2641 senatoresXXX,

205 2653 369 2729 equitesR
378 2653 432 2714 CC.
441 2660 559 2713 ceteros
568 2651 688 2713 CCXXI
696 2642 753 2688 *⁶
732 2665 795 2714 ooo
807 2643 965 2730 ψαμαθος
975 2671 1010 2712 τε
1022 2671 1119 2724 novoe
1128 2671 1170 2712 τε

175 2737 384 2810 2[Exterrltus
401 2735 543 2797 Claudius
560 2737 667 2797 oculos
685 2736 897 2832 undecumque
913 2735 1100 2807 circumfert,
1119 2751 1169 2794 ve·

204 2818 296 2895 stiget
308 2820 440 2895 aliquem
455 2828 629 2895 patronum,
647 2820 698 2894 qui
713 2835 748 2880 se
759 2820 957 2891 detenderet]
979 2820 1171 2879 Advocatum

204 2920 266 2965 non
289 2903 412 2965 invenit.
443 2903 565 2965 undem
586 2904 723 2979 procedit
741 2903 773 2961 P.
789 2903 961 2977 Petronius,
988 2908 1077 2963 vetus
1099 2918 1170 2962 con·

203 2986 302 3049 victor
321 2987 402 3060 eius,
422 2986 513 3048 homo
530 2986 694 3048 claudiane
706 2986 809 3062 lingua
823 2985 970 3058 disertus,
990 2994 1022 3047 et
1036 2987 1173 3062 postulat

204 3072 445 3133 advocationem.
463 3072 628 3132 nondatur.
651 3079 776 3132 accusat
788 3070 870 3130 Pedo
878 3069 1041 3145 Pompeius
1052 3070 1172 3144 magnis

205 3156 398 3218 elamoribus.
427 3153 532 3230 incipit
551 3164 697 3230 patronus
711 3155 790 3215 velle
803 3154 1002 3229 respondere.
1038 3155 1172 3226 Aeacus,

205 3238 295 3298 homo
316 3237 517 3311 iustissimus,
539 3246 620 3300 vetat
634 3246 663 3299 et
680 3238 762 3298 illum
777 3240 871 3298 altera
885 3243 999 3298 tanturn
1015 3245 1104 3312 parte
1120 3253 1172 3296 au·

205 3322 268 3383 dita
282 3324 464 3384 condemnat
478 3330 508 3384 et
526 3323 580 3383 ait:
608 3322 688 3384 Elea
705 3315 810 3383 πάθοι
823 3313 864 3383 τά
879 3341 900 3380 κ
897 3311 1040 3398 ’ἔρεξε,
1052 3309 1172 3400 δίκη’
1144 3340 1165 3380 κ

176 3404 293 3469 abacta
315 3402 451 3501 revolso.
485 3407 598 3481 lugens
618 3404 769 3468 silentium
788 3407 900 3466 lactum
920 3412 976 3464 est
1008 3404 1175 3480 stupebant

207 3504 314 3552 omnes
325 3487 456 3549 novitate
467 3488 658 3551 reiodtoniti=
674 3488 1174 3567 negabanthocumquamlactum.
