2438 3968
193 221 236 289 ⁹4
465 224 500 284 L.
520 225 665 286 ANNAEI
689 224 863 286 SENECAE

194 381 277 443 nulla
292 380 429 455 eruditio,
446 380 546 441 nullus
562 380 715 440 literarum
729 381 827 440 cultus
841 379 1003 441 inbuerat=
1020 381 1111 444 mbo
1127 381 1175 445 titt

193 481 231 524 ex
247 464 420 525 Aristotelis
438 464 508 524 sinu
521 479 625 538 regem
638 463 856 536 Alexandrum,
880 463 933 538 qui
948 463 1068 526 Clitum
1084 467 1173 529 caris·

193 548 302 609 simum
316 546 375 609 sibi
390 554 420 608 et
433 564 493 609 uua
507 548 668 609 educatum
682 548 759 608 iuter
773 549 881 622 epulas
896 549 1073 611 transfodit
1086 565 1173 613 mauu

195 631 316 707 quidem
333 648 398 706 sua,
421 649 526 707 parum
543 632 714 697 adulantem
729 640 759 692 et
778 632 863 707 pigre
883 646 923 692 ex
937 630 1120 695 Macedone
1138 650 1171 697 ac

162 728 178 780 t
193 714 287 777 libero
303 717 332 777 iu
341 715 494 776 Persicam
510 715 684 777 servitutem
700 723 915 777 transeuntem.
941 731 1017 775 narn
1031 717 1169 797 Lysima-

193 799 282 860 chum
297 815 396 874 aeque
417 801 593 859 familiarem
610 799 668 858 sibi
681 797 764 859 leoni
777 799 898 859 obiecit
924 802 1086 876 numquid
1098 816 1171 877 ergo

191 883 450 962 hicLysimachus
465 884 605 943 felicitate
621 882 751 958 quadam
768 881 910 944 dentibus
922 884 1027 944 leonis
1042 887 1170 961 elapsus

159 967 231 1032 oob
246 967 315 1040 hoc,
338 966 489 1040 cumipse
504 974 659 1040 regnaret,
682 966 781 1027 mitior
803 967 876 1027 luitt
903 966 979 1026 Nam
995 968 1168 1045 Telespbo

190 1067 256 1111 rum
274 1051 427 1112 Rhodium
448 1051 575 1110 amicum
595 1067 684 1111 suum
706 1052 842 1124 undique
860 1051 1075 1127 decurtatum,
1102 1069 1173 1115 cum·

191 1150 281 1195 aures
301 1135 344 1194 illi
366 1149 536 1209 nasumque
559 1134 756 1209 abscidisset,
780 1135 808 1194 in
828 1150 924 1195 cavea
943 1135 1034 1198 velut
1054 1152 1168 1200 novum

191 1218 301 1279 animal
315 1219 441 1293 aliquod
457 1225 486 1278 et
501 1217 677 1280 inusitatum
693 1219 745 1279 diu
759 1218 850 1293 pavit,
873 1234 942 1279 cum
956 1219 1025 1280 oris
1043 1221 1166 1283 detrun-

191 1300 249 1362 cati
264 1303 451 1378 mutilatique
466 1303 643 1364 deformitas
660 1303 822 1363 humanam
837 1301 945 1363 faciem
965 1304 1167 1379 perdidisset.

190 1386 356 1448 accedebat
372 1388 469 1448 fames
486 1395 516 1448 et
531 1388 657 1463 squalor
675 1393 704 1447 ct
719 1386 850 1448 inluvies
871 1386 1014 1461 corporis
1037 1388 1072 1449 iu
1093 1398 1166 1451 ster·

157 1473 176 1527 4
190 1486 261 1531 core
276 1488 334 1533 suo
350 1472 494 1533 destituti.
521 1472 644 1533 callosis
660 1487 755 1545 super
771 1471 847 1530 haec
861 1469 992 1545 genibus
1006 1473 1167 1535 manibus

190 1571 258 1629 que,
276 1573 352 1630 quas
369 1558 399 1615 in
412 1573 501 1618 usum
517 1556 629 1631 pedum
643 1555 802 1628 augustiae
812 1554 872 1615 loci
884 1555 1052 1629 cogebant,
1070 1558 1167 1619 lateri·

189 1638 246 1700 bus
263 1655 336 1701 vero
352 1641 464 1702 adtritu
477 1641 659 1701 exulceratis
671 1656 731 1700 non
746 1640 846 1700 miuus
863 1638 954 1700 foeda
968 1656 1069 1714 quam
1084 1642 1167 1703 terri·
1209 1676 1211 1691 ι

189 1722 257 1781 bilis
270 1731 336 1783 erat
349 1725 446 1784 forma
460 1741 526 1785 erus
533 1724 712 1797 visentibus
727 1725 889 1797 factusque
901 1737 1004 1798 poena
1011 1740 1166 1787 suamou
1209 1738 1211 1821 t

190 1811 284 1866 strum
301 1807 541 1869 misericordiam
560 1823 684 1904 quoque
699 1808 857 1868 amiserat·
884 1814 985 1867 tamen
1006 1823 1085 1871 cum
1106 1809 1166 1871 dis·

190 1888 358 1950 simillimus
366 1898 450 1951 esset
463 1891 576 1953 bomini
585 1892 635 1965 qui
651 1892 700 1951 illa
708 1892 887 1980 patiebatur,
903 1874 1092 1955 dissimilior
1105 1899 1211 1955 erat

189 1989 241 2048 qur
233 1971 389 2035 faciebat.

159 2076 171 2128 1
249 2056 357 2116 XVIll
378 2055 498 2119 Utinam
519 2059 578 2118 ista
592 2056 718 2118 saevitia
740 2059 817 2118 intra
836 2058 997 2133 peregrina
1018 2063 1168 2138 exempla

189 2140 352 2202 mansisset
372 2157 429 2203 uec
450 2143 483 2202 in
502 2143 658 2203 Romanos
678 2158 780 2204 mores
801 2158 871 2203 cum
890 2141 958 2203 aliis
980 2143 1167 2208 adventiciis

190 2222 268 2286 vitiis
283 2226 371 2287 etiam
387 2224 605 2324 suppliciorum
627 2227 801 2301 irarumque
822 2226 964 2287 barbaria
982 2228 1166 2293 transisset!

187 2307 227 2368 Μ.
241 2308 337 2371 Mario
360 2309 409 2372 cui
423 2312 543 2373 vicatim
563 2313 696 2387 populus
717 2318 832 2372 statuas
848 2317 1003 2386 posuerat,
1027 2313 1082 2373 cui
1101 2321 1211 2377 uuo

188 2409 223 2453 ac
236 2393 330 2455 vino*
346 2395 548 2471 supplicabat,
562 2396 595 2456 L
612 2394 696 2456 Sulla
712 2393 875 2470 praefringi
890 2411 988 2467 crura,
1002 2397 1078 2457 erui
1093 2414 1165 2459 ocu·
1209 2388 1211 2497 l

188 2478 243 2551 los,
259 2482 406 2555 amputari
419 2496 526 2541 manus
542 2479 629 2540 iussit
643 2487 672 2539 et
684 2479 773 2554 quasi
787 2480 897 2539 totiens
913 2479 1075 2542 occideret
1089 2498 1211 2559 quo:

187 2562 265 2623 tiens
285 2565 471 2636 volnerabat,
487 2563 630 2661 paulatim
645 2570 675 2623 et
686 2579 741 2638 per
755 2563 893 2638 singulos
905 2570 988 2622 artus
1001 2563 1165 2627 laceravit
1209 2532 1211 2591 ἓ

156 2655 172 2708 u
188 2645 260 2718 Quis
276 2655 340 2707 erat
354 2649 493 2721 [huius]
485 2646 603 2723 rmperii
618 2647 774 2708 minister?
800 2647 869 2722 quis
884 2648 943 2707 uisi
957 2646 1114 2710 Catilina
1105 2666 1165 2713 taut

187 2729 216 2788 in
231 2744 321 2791 omne
336 2733 454 2793 facinus
475 2748 583 2792 manus
605 2738 773 2791 exercenst
801 2732 827 2792 is
846 2729 928 2791 illurn
950 2738 1019 2792 ante
1035 2731 1164 2795 bustum

187 2813 221 2886 Q.
243 2813 338 2875 Catuli
359 2815 504 2891 carpebat
521 2814 721 2891 gravissimus
741 2814 891 2876 mitissimi
911 2813 967 2875 viri
991 2815 1166 2895 cineribus,

186 2912 280 2974 supra
295 2915 373 2972 quos
388 2901 434 2959 vir
447 2900 518 2960 mali
532 2900 673 2974 exempli,
689 2899 846 2974 popularis
861 2905 962 2959 tamen
974 2907 1004 2959 et
1018 2916 1087 2963 uon
1101 2910 1164 2965 tam

186 2981 322 3045 inmerito
339 3000 429 3058 quam
445 2985 533 3044 nimis
545 2991 662 3044 amatus
678 3000 733 3058 per
743 2982 895 3045 stillicidia
911 2982 1098 3057 sanguinem
1108 2987 1164 3049 da·

185 3063 246 3126 bat
266 3067 384 3143 Dignus
399 3067 588 3130 eratlllarius
604 3068 654 3143 qui
666 3067 716 3127 illa
731 3074 892 3143 pateretur,
908 3066 992 3127 Sulla
1008 3069 1065 3141 qui
1076 3070 1164 3133 iube·

185 3157 245 3223 ret,
266 3150 393 3213 Catilina
405 3151 457 3226 qui
473 3152 593 3226 faceret,
616 3152 673 3213 sed
686 3151 811 3226 indigna
824 3151 1000 3226 respublica
1022 3169 1111 3228 quae
1132 3156 1163 3217 iu

187 3248 302 3308 corpus
316 3251 407 3297 suum
421 3236 534 3312 pariter
547 3245 576 3297 et
590 3235 721 3296 hostium
735 3245 766 3297 et
780 3236 932 3296 vindicum
943 3235 1068 3310 gladios
1084 3240 1163 3301 reei-

152 3332 171 3389 a
185 3323 280 3391 peret.
301 3317 380 3391 outo
394 3320 518 3396 antiqua
533 3326 726 3396 perscrutort
746 3322 838 3381 modo
853 3319 885 3380 Ο.
900 3320 1014 3380 Caesar
1028 3318 1164 3387 Sextum

183 3399 357 3477 Papirium,
382 3403 430 3463 cui
445 3412 532 3478 pater
546 3412 610 3464 erat
630 3405 810 3478 consularis,
831 3402 1008 3465 Betilienum
1021 3405 1163 3471 Bassum

185 3492 378 3561 quaestorem
392 3504 489 3562 suum,
506 3490 712 3565 procuratoris
725 3490 772 3548 sui
787 3489 890 3563 filium,
906 3489 1048 3565 aliosque
1066 3501 1100 3555 et
1113 3510 1162 3556 se·
