2438 3968
247 264 298 325 nit
318 264 648 339 TRANQUILLlTATE
669 266 789 326 ANIMI.
812 277 836 328 1.
848 277 875 328 2.
984 263 1047 330 175

64 433 103 477 sa
117 424 196 487 sunt,
217 416 291 477 ethi
312 416 363 491 qui
378 418 497 477 levitate
512 424 660 476 vexantur
675 432 711 475 ae
732 415 832 476 taedio
852 416 1045 493 adsiduaque

65 501 233 561 mutatione
253 499 419 575 propositi,
442 500 552 574 quibus
576 516 699 575 semper
720 500 816 574 magis
838 502 939 576 placet
959 504 1042 576 quod

63 584 260 660 reliquerunt,
283 591 313 644 et
326 584 376 656 illi,
401 585 453 659 qui
468 591 603 643 marcent
618 591 648 644 et
663 583 839 644 oscitantur.
867 585 954 645 adice
975 601 1040 659 eos,

63 669 116 743 qui
132 685 193 730 non
209 668 295 728 aliter
317 684 408 743 quarn
424 668 534 743 quibus
549 666 682 727 dillicilis
697 682 824 728 somnus
846 676 902 742 est,
916 677 1042 731 versant

62 768 99 811 se
115 761 144 813 et
158 752 217 812 hoc
232 760 325 825 atque
339 752 391 811 illo
407 752 498 812 niodo
516 758 701 826 conponunt,
717 751 817 811 donec
832 752 963 827 quietem
980 755 1040 813 lasn

63 836 197 896 situdine
211 836 379 895 inveniann
402 843 513 896 statum
532 836 612 895 vitae
632 850 707 895 suae
728 835 896 898 formando
910 836 1041 897 subinde

62 920 92 978 in
108 935 145 979 eo
161 918 331 980 novissime
345 926 473 992 manent,
488 919 518 979 in
535 936 596 994 quo
611 918 680 979 illos
697 935 758 980 non
774 920 908 980 mutandi
927 919 1039 994 odium,

62 1005 120 1064 scd
136 1012 279 1064 senectus
289 1004 328 1062 ad
339 1004 514 1064 novandum
527 1003 613 1078 pigra
624 1002 795 1079 deprendit.
817 1003 904 1064 adice
915 1013 946 1064 et
959 1004 1038 1078 illos,

63 1088 116 1162 qui
128 1104 189 1148 non
202 1087 425 1148 inconstantiae
438 1087 510 1148 vitio
524 1103 629 1163 parurn
644 1089 729 1147 leves
741 1095 820 1161 sunt,
836 1089 893 1149 sed
904 1088 1037 1162 inertiae,

62 1180 92 1232 et
106 1171 211 1233 vivunt
222 1188 285 1231 non
301 1171 455 1248 quomodo
476 1172 590 1240 volunt,
613 1172 669 1231 sed
685 1172 840 1247 quomodo
861 1180 1038 1247 coeperunt.

61 1255 298 1315 innumerabiles
317 1254 463 1331 deinceps
481 1255 684 1333 proprietates
696 1262 775 1329 sunt,
794 1257 946 1316 sedunus
965 1255 1066 1316 eliel

63 1348 130 1400 ctus
146 1340 218 1412 vitii,
234 1339 291 1400 sibi
308 1340 480 1414 displicere.
509 1341 576 1400 Hoc
594 1340 689 1400 oritur
700 1339 739 1398 ab
753 1337 932 1414 intemperie
946 1341 1038 1399 animi

62 1431 92 1483 et
107 1423 321 1499 cupiditatibus
336 1424 447 1484 timidis
463 1431 515 1484 aut
527 1440 633 1498 parurn
648 1424 822 1498 prosperis:
845 1420 896 1482 ubi
911 1431 961 1483 aut
976 1439 1037 1484 non

61 1507 182 1579 audent,
200 1515 345 1582 quantum
360 1506 591 1582 concupiscunt,
612 1514 738 1568 autnon
757 1515 988 1582 consequuntur
1008 1515 1038 1567 et

62 1591 92 1648 in
115 1606 202 1666 spem
226 1593 279 1651 toti
302 1590 487 1666 prominent,
518 1606 640 1667 semper
664 1591 822 1652 instabiles
847 1590 1037 1666 mobilesque

63 1683 141 1746 suut,
159 1676 241 1750 qnod
258 1690 388 1735 necesse
402 1680 450 1736 est
466 1675 605 1734 accidere
620 1675 822 1751 pendentibus
834 1674 874 1734 ad
883 1682 956 1735 vota
970 1691 1037 1735 sua.

64 1757 147 1818 omni
160 1759 210 1818 via
226 1767 355 1835 perpunt
374 1767 405 1820 et
417 1759 578 1819 inhonesta
597 1775 632 1819 se
647 1775 683 1820 ac
698 1757 832 1819 diflicilia
852 1759 965 1835 docent
986 1774 1037 1820 co-

62 1852 206 1917 guntque,
223 1851 252 1904 ct
265 1842 317 1904 ubi
332 1843 398 1903 sine
412 1843 547 1917 praemio
563 1843 650 1903 labor
664 1850 719 1915 est,
743 1850 863 1919 torquet
882 1843 952 1902 illos
965 1841 1037 1902 inri-

62 1934 124 1986 tum
140 1927 285 2000 dedecus,
308 1943 364 1986 nec
380 1928 483 1988 dolent
499 1943 594 2001 prava
615 1942 658 2000 se,
674 1927 749 2000 [sed]
762 1928 874 1988 trustra
888 1927 1035 1987 voluisse.

60 2011 144 2070 Tunc
157 2010 227 2071 illos
249 2019 280 2072 et
298 2011 482 2086 poenitentia
503 2008 603 2086 coepti
624 2017 706 2071 tenet
725 2017 756 2071 et
768 2009 932 2088 incipiendi
947 2011 1068 2073 timor8

62 2095 260 2170 subrepitque
274 2095 423 2155 iilaanimi
434 2095 553 2155 iactatio
565 2111 624 2154 non
637 2095 817 2156 invenientis
825 2096 947 2168 exitum,
964 2096 1036 2169 quia

62 2194 118 2238 nee
133 2179 283 2254 imperare
298 2178 513 2255 cupiditatibus
528 2179 592 2239 suis
615 2195 672 2239 nec
693 2179 822 2254 obsequi
844 2186 983 2254 possunt,
1006 2184 1036 2238 et

62 2265 305 2324 cunctatio‘vitac
320 2279 427 2339 pamm
438 2278 473 2323 se
484 2263 664 2337 explicantis
679 2271 709 2323 et
722 2265 800 2324 inter
810 2263 952 2324 destituta
963 2268 1035 2321 vota

62 2346 209 2419 torpentis
225 2347 315 2407 animi
327 2349 414 2407 situs.
441 2363 520 2421 quae
535 2346 636 2408 omnia
648 2347 789 2420 graviora
803 2354 881 2419 suut,
897 2343 949 2407 ubi
962 2343 1063 2418 odioq

62 2429 244 2490 infelicitatis
260 2445 411 2505 operosae
426 2432 464 2491 ad
480 2431 572 2491 otium
590 2432 787 2505 perlegerunt
801 2437 831 2489 et
851 2432 889 2489 ad
915 2434 1034 2489 secreta

61 2511 170 2584 studia,
199 2530 277 2589 quae
304 2513 365 2588 pati
385 2531 445 2573 uon
470 2523 571 2590 potest
591 2516 709 2574 animus
730 2515 769 2574 ad
790 2512 889 2573 civilia
913 2519 1033 2573 erectus

61 2596 235 2673 agendique
252 2598 383 2672 cupidus
395 2608 424 2658 et
439 2606 545 2660 natura
559 2599 687 2674 inquies,
706 2615 812 2672 parum
824 2595 941 2658 scilieet
955 2596 985 2656 in
999 2611 1034 2657 se

61 2682 238 2742 solatiorum
259 2681 391 2741 habens:
415 2681 484 2743 ideo
506 2683 648 2742 detractis
670 2680 931 2753 oblectationibus,
955 2697 1033 2756 quas
1084 2683 1087 2691 ⁴

62 2770 148 2840 ipsae
164 2766 381 2840 occupationes
397 2765 636 2832 discurrentibus
653 2765 808 2841 praebent,
829 2767 960 2840 domum,
982 2781 1032 2825 so-

62 2851 225 2921 litudinem,
243 2849 374 2925 parietes
388 2865 448 2908 non
466 2852 530 2923 lert,
552 2849 664 2910 invitus
685 2851 815 2925 adspicit
830 2865 865 2909 se
885 2849 944 2909 sibi
964 2850 1031 2909 reli-

62 2941 150 2992 ctum.
182 2934 259 2993 Hinc
282 2934 355 2992 illud
371 2941 418 2994 est
431 2935 562 2993 taedium
584 2942 613 2993 et
633 2934 824 3009 displicentia
845 2934 893 2993 sui
911 2940 942 2993 et
960 2946 1076 3000 nus-10

62 3033 152 3092 quam
174 3018 336 3077 residentis
358 3018 449 3077 animi
470 3018 613 3078 volutatio
634 3027 663 3078 et
684 3017 735 3078 otii
757 3017 805 3078 sui
826 3015 919 3079 tristis
941 3024 1031 3092 atque

60 3117 153 3174 aegra
165 3101 317 3176 patientia,
333 3101 437 3175 utique
448 3103 498 3161 ubi
512 3118 622 3162 causas
638 3102 722 3162 lateri
735 3103 828 3176 pudet
842 3108 873 3161 et
883 3105 1032 3161 tormenta
1121 3101 1124 3108 “

61 3186 210 3246 introrsus
225 3186 285 3260 egit
302 3185 493 3258 verecundia,
515 3187 544 3245 in
566 3188 774 3262 anguemque]
788 3186 925 3245 inclusae
946 3184 1030 3262 eupi-

61 3270 168 3328 ditates
183 3269 248 3328 sine
264 3271 346 3329 exitu
362 3285 396 3329 se
413 3268 500 3343 ipsae
508 3271 710 3344 strangulante
731 3269 802 3329 inde
817 3285 938 3330 moeror
952 3285 1030 3330 mar-

60 3368 175 3426 corque
196 3361 225 3412 et
247 3355 326 3413 mille
344 3354 455 3414 fluctus
480 3354 587 3413 mentis
609 3354 750 3425 incertae,
774 3369 864 3428 quarn
886 3369 960 3429 spes
984 3353 1028 3413 in·

60 3435 188 3496 choatae
199 3437 310 3497 habent
325 3454 516 3512 suspensam,
531 3439 727 3512 deploratam,
750 3438 871 3498 tristem.
895 3439 964 3497 inde
978 3435 1029 3496 ille

58 3521 198 3580 adlectus
226 3523 319 3582 otium
340 3539 428 3583 suum
447 3523 658 3583 detestantium
686 3522 937 3598 querentiumque
957 3519 1030 3580 nihil
