2438 3968
145 225 199 284 AD
225 220 448 283 GALLlONEM
468 223 520 281 DE
541 223 632 281 VITA
655 223 795 282 ΒΕΑΤΑ.
822 233 865 286 25.
880 232 924 287 26.
978 223 1039 301 161

61 388 249 449 suspensum
270 373 396 448 gradum
424 380 542 447 ponunt
562 381 592 434 et
612 375 734 447 pondus
763 391 852 442 suum
879 376 1039 436 sustinent.

60 459 135 518 Cum
150 459 209 518 hoc
227 457 268 516 ita
282 456 412 517 divisum
424 459 471 530 sit,
487 456 566 517 malo
583 458 639 518 has
655 457 684 516 in
701 474 761 518 usu
775 457 847 517 mihi
862 475 942 533 esse,
959 476 1039 536 quae
1053 467 1072 521 8

60 540 252 602 exercendae
267 541 459 616 tranquillius
475 548 554 614 sunt
577 557 667 616 quam
686 557 755 614 eas,
777 559 905 617 quarum
917 545 1038 620 experi-

61 633 194 686 mentum
210 623 336 700 sanguis
352 632 381 683 et
396 624 491 685 sudor
506 631 563 687 est.
583 624 664 700 Ergo
680 642 741 686 non
757 641 815 701 ego
831 627 926 703 aliter,
941 627 1039 704 inquit

60 709 196 785 sapiens,
219 709 289 769 vivo
306 725 398 783 quam
413 711 531 783 loquor,
550 709 604 768 sed
617 725 675 770 ves
689 709 776 770 aliter
792 712 914 771 auditis,
941 729 1038 773 sonus

61 791 269 854 tantummodo
293 792 454 854 verborum
470 793 508 852 ad
531 808 619 853 aures
643 801 761 854 vestras
783 796 939 869 pervenit:
965 796 1038 871 quid

60 877 214 952 significet
226 893 288 937 non
305 877 479 952 quaeritis“
1053 895 1067 945 1

120 961 228 1022 XXVI.
250 1006 268 1034 ‚,
276 959 375 1035 „Quid
390 976 463 1034 ergo
485 961 563 1021 inter
577 977 625 1019 me
642 964 763 1022 stultum
779 972 811 1022 et
824 970 853 1022 te
869 964 1038 1037 sapientem

60 1047 195 1120 interest,
211 1044 237 1103 si
251 1052 380 1119 uterque
394 1044 508 1104 habere
520 1046 736 1119 volumust““
771 1045 963 1120 „Plurimum
993 1049 1037 1108 di-

61 1130 154 1190 vitiae
168 1128 249 1189 enim
263 1130 346 1204 apud
362 1127 530 1204 sapientem
546 1129 642 1189 virum
658 1129 686 1189 in
700 1132 845 1190 servitute
860 1140 938 1204 sunt
955 1133 1038 1208 apud

60 1214 184 1273 stultum
199 1214 229 1272 in
245 1212 383 1287 imperio.
409 1213 533 1287 sapiens
555 1213 667 1273 divitiis
679 1213 753 1273 nihil
776 1215 926 1290 permittit,
947 1215 1037 1276 vobis

59 1297 185 1356 divitiae
195 1297 305 1357 omnia.
323 1312 391 1370 vos,
403 1304 556 1372 tamquam
569 1298 677 1371 aliquis
692 1298 782 1358 vobis
795 1305 947 1359 aeternam
963 1316 1036 1373 pos·

61 1380 232 1441 sessionem
248 1397 352 1440 earum
366 1381 549 1454 promiserit,
571 1382 753 1441 adsuescitis
768 1382 827 1441 illis
843 1389 872 1442 et
892 1382 1036 1442 cohaere-

60 1465 109 1538 tls,
135 1465 259 1538 sapiens
274 1472 347 1524 tune
360 1465 491 1524 maxime
506 1471 715 1540 paupertatem
729 1465 900 1539 meditatur,
923 1482 990 1526 cum
1006 1467 1036 1525 in

60 1548 169 1607 mediis
184 1548 295 1609 divitiis
310 1547 453 1609 constitit.
475 1548 644 1622 Numquam
658 1550 823 1623 imperator
836 1550 877 1610 ita
888 1551 956 1624 paci
973 1566 1037 1610 ere
1052 1561 1069 1610 a

62 1631 113 1703 dit,
129 1638 237 1692 utnon
259 1648 294 1691 se
308 1637 470 1708 praeparet
490 1632 580 1706 bello,
603 1633 686 1707 quod
708 1633 824 1693 etiamsi
839 1649 899 1693 non
914 1635 1037 1710 geritur,

62 1714 205 1774 indictum
222 1722 282 1775 est:
305 1732 362 1775 vos
386 1717 496 1775 domus
511 1718 655 1789 formosa,
677 1724 830 1791 tamquam
852 1733 909 1777 nec
929 1718 1037 1779 ardere

62 1813 118 1858 nee
132 1815 221 1859 ruere
236 1800 343 1874 possit,
365 1801 542 1874 insolentes,
561 1817 618 1861 vos
635 1816 722 1876 opeS,
743 1808 895 1878 tamquam
917 1803 1036 1877 pericu-

62 1884 121 1942 lum
151 1898 239 1943 omne
266 1883 510 1943 transcenderint
535 1885 728 1960 maioresque
753 1884 814 1944 sint
834 1885 923 1945 vohis
945 1903 1037 1963 quam

59 1965 172 2041 quibus
188 1969 405 2027 consumendis
428 1968 502 2026 satis
517 1968 622 2027 virium
644 1968 755 2029 haheat
777 1969 905 2042 fortuna,
930 1970 1034 2030 obstu-

60 2051 223 2126 pelaciunt.
245 2051 335 2112 otiosi
348 2051 461 2111 divitiis
475 2053 578 2111 luditis
593 2069 650 2112 nec
665 2053 833 2127 providetis
848 2054 965 2113 illarum
981 2071 1034 2129 pe·
1051 2056 1067 2108 3

58 2136 194 2210 rientem,
210 2134 289 2195 sicut
302 2136 424 2196 barbari
438 2132 627 2211 plerumque,
642 2137 750 2196 inclusi
767 2144 797 2196 et
810 2135 908 2211 ignari
922 2139 1036 2197 machi-

58 2235 173 2291 narum,
190 2234 302 2293 segnes
317 2219 451 2280 laborem
464 2220 667 2280 obsidentium
682 2228 823 2295 spectant
837 2236 894 2280 nec
909 2237 970 2296 quc
985 2222 1037 2280 illa

60 2303 237 2376 pertineant,
253 2318 379 2377 quaeex
390 2304 556 2379 longinquo
568 2310 732 2378 struuntur,
746 2304 938 2378 intellegunt:
954 2304 1033 2364 idem

59 2385 148 2444 voltis
165 2386 273 2444 evenit.
298 2386 437 2447 marcetis
452 2386 481 2446 in
496 2388 607 2447 vestris
619 2387 712 2447 rebus
724 2403 781 2448 nec
796 2387 945 2462 cogitatis
961 2395 1035 2463 quot

59 2484 152 2527 casus
167 2467 303 2543 undique
317 2469 481 2532 inmineant
495 2473 554 2531 iam
574 2471 697 2546 iamque
718 2472 856 2545 pretiosa
871 2472 971 2547 spolia
991 2474 1033 2531 la·

58 2551 127 2611 turi.
156 2548 294 2625 Sapienti
315 2553 454 2628 quisquis
470 2554 628 2615 abstulerit
641 2556 769 2629 divitias,
794 2556 895 2614 omnia
913 2556 953 2616 illi
978 2572 1066 2624 suaa

57 2636 219 2709 relinquet.
247 2633 320 2695 vivit
332 2635 410 2695 enim
423 2639 635 2712 praesentibus
648 2640 755 2712 laetus,
771 2640 880 2699 suturis
894 2655 1032 2700 securus.

58 2718 132 2778 nihil
148 2717 255 2794 magis,
269 2718 367 2795 inquit
378 2719 428 2779 ille
439 2720 581 2783 Socrates
597 2731 649 2783 aut
662 2722 774 2798 aliquis
788 2723 875 2797 alius,
891 2725 938 2783 cui
952 2724 1032 2783 idem

56 2808 105 2863 ios
116 2805 267 2863 adversus
282 2802 412 2862 humana
430 2813 522 2880 atque
534 2806 641 2866 eadem
658 2814 794 2881 potestas
811 2814 867 2879 est,
891 2808 1030 2881 persuasi
1082 2817 1084 2822 ’

57 2886 146 2961 mihi,
172 2903 262 2962 quam
283 2902 320 2946 ne
341 2887 380 2946 ad
401 2888 561 2962 opiniones
582 2897 701 2951 vestras
723 2898 821 2950 actum
844 2891 924 2950 vitae
946 2893 1032 2949 meae

57 2969 222 3030 flecterem.
245 2972 335 3031 solita
350 2971 485 3031 conferte
504 2973 640 3051 undique
654 2973 765 3033 verba:
786 2989 847 3032 non
869 2972 1032 3033 conviciari
1113 3038 1118 3043 ,

56 3071 114 3114 vos
131 3054 253 3131 putabo,
269 3055 325 3115 sed
339 3055 444 3129 vagire
457 3058 540 3116 velut
554 3057 683 3117 infantes
698 3054 933 3117 misserrimos.“
948 3057 1063 3118 Haece

55 3138 139 3215 dicet
159 3138 225 3213 ille,
246 3140 294 3199 cui
313 3138 462 3214 sapientia
483 3141 619 3215 contigit,
643 3157 733 3216 quem
751 3139 869 3199 animus
891 3138 1030 3200 vitiorum

57 3221 189 3281 inmunis
203 3221 363 3297 increpare
379 3224 464 3298 alios,
489 3240 548 3284 non
566 3224 638 3298 quia
653 3225 725 3298 odit
745 3224 801 3283 sed
817 3223 846 3281 in
862 3225 1030 3301 remedium

57 3303 149 3365 iubet.
186 3307 295 3366 adiciet
315 3308 362 3366 lris
378 3307 445 3367 illa:
466 3307 674 3381 „Existimatio
690 3322 738 3366 me
760 3314 862 3368 vestra
880 3325 944 3368 non·
962 3324 1029 3368 meo

58 3389 179 3448 nomine
194 3391 250 3449 sed
265 3399 368 3452 vestro
383 3398 493 3465 movet,
511 3391 581 3466 quia
596 3389 773 3450 calamitatis
791 3397 855 3465 [est]
872 3394 990 3464 odisse·
1001 3400 1033 3456 et

59 3473 213 3531 lacessere
228 3475 367 3534 virtutem
382 3476 482 3536 bonae
503 3475 571 3551 spei
594 3475 718 3535 eiuratio
741 3482 796 3535 est.
826 3478 938 3536 nullam
958 3474 1049 3536 milri>

102 3575 204 3614 sennen
222 3577 292 3615 nnn.
314 3563 333 3616 Ι.
690 3607 691 3610 ,
846 3568 877 3619 ll
