2438 3968
115 268 142 308 tv
505 254 736 309 PRAEFATIO.

115 395 190 450 codd.
206 380 409 461 superstitionem
427 403 451 443 et
469 394 600 443 audaciam
616 395 642 442 in
658 392 803 442 deserendis
818 391 954 444 accusabit.
981 391 1019 442 Ac
1034 392 1130 443 veliem

115 464 231 527 quidem,
248 463 298 514 nisi
312 462 390 512 huius
400 462 519 512 editionis
530 462 665 512 consilium
676 462 800 522 obstaret,
820 477 906 511 eorum
917 461 1045 524 omnium,
1061 476 1130 525 qnae

114 533 287 597 egenorum,
306 533 428 581 rationem
446 532 568 590 reddere;
586 546 652 581 nunc
670 545 743 591 vero,
763 531 882 593 qnoniam
900 530 927 579 id
939 531 966 578 in
978 530 1050 579 alind
1062 538 1129 581 tem·

113 616 163 666 pus
180 600 345 652 differendum
363 608 414 661 est,
431 600 495 651 illud
509 614 611 650 monere
627 600 689 649 setis
703 599 799 661 habeo,
819 614 870 648 non
887 599 967 649 fuisse
982 599 1045 648 mihi
1059 599 1128 648 ullas

113 671 234 721 librorum
251 684 313 720 mss.
334 670 420 734 copias
435 670 485 719 nisi
503 684 566 732 quas
582 669 711 720 Fickertus
729 667 844 734 protulit,
869 683 916 718 nec
932 682 1022 718 causas
1041 683 1128 718 emen-

115 739 244 789 dationum
262 751 374 799 mearnm
389 737 539 790 aliis'rebus
557 738 681 789 contineri
694 738 748 794 ,nid
765 734 969 804 ipsiussenecae
982 746 1006 786 et
1022 737 1048 786 iu
1061 752 1127 800 qua-

112 822 161 870 que
185 823 213 857 re
235 807 340 858 consilio
359 815 384 857 et
401 821 450 856 usn
467 806 568 857 dicendi
583 806 696 857 studiose
714 806 855 856 observato.
892 804 949 855 Non
966 812 1052 855 tamen
1070 821 1127 855 cre-

111 876 222 927 dendum
240 884 279 926 est
293 878 380 926 tannia
394 875 458 926 haec
473 889 530 926 esse
541 884 566 925 et
580 891 669 942 pamm
679 875 751 925 flrma
764 872 872 934 auxilie,
892 888 1044 938 quamquam
1056 883 1127 933 sunt,

111 946 201 1009 quibus
220 943 315 995 Seneca
332 945 447 996 videatur
467 944 532 995 adeo
548 952 616 994 totns
636 944 675 994 vel
691 958 774 993 rerum
791 958 854 1007 ques
872 949 961 993 tractat
979 943 1062 993 studio
1083 943 1126 993 rel

109 1015 245 1065 verborum
260 1023 285 1065 et
300 1013 478 1063 sententiarum
493 1013 573 1064 nitido
591 1021 679 1064 ornatu
693 1021 828 1077 occupatus
843 1012 938 1072 luisse,
956 1019 984 1061 ut
994 1014 1049 1062 sine
1063 1027 1126 1062 con-

110 1083 168 1133 silio
187 1083 240 1133 sere
258 1091 283 1133 et
301 1083 356 1133 sine
374 1082 461 1132 ordine
479 1097 544 1145 quae
563 1082 645 1132 dicere
668 1081 743 1131 vellet
764 1081 903 1131 effunderet
924 1088 950 1131 et
972 1081 1126 1131 artificiosae

110 1153 230 1202 orationis
241 1151 353 1202 ¹llnmine
372 1165 454 1217 vagus
474 1150 595 1212 ferretur,
621 1166 671 1200 uou
690 1158 774 1200 autem
791 1151 826 1201 ad
842 1157 939 1201 certum
954 1149 1030 1200 linem
1048 1149 1124 1201 firmo

110 1221 192 1285 gradu
208 1221 384 1279 contenderet3
408 1220 510 1270 dicendi
524 1235 584 1270 vero
603 1219 759 1270 cousuetudo
776 1226 835 1284 post
859 1217 997 1270 laudabilia
1018 1219 1049 1270 H.
1068 1217 1126 1270 Ste-

109 1289 188 1354 phani
203 1289 289 1340 studia
306 1290 377 1339 adeo
391 1289 507 1355 neglecte
525 1290 614 1349 iacuit,
638 1297 666 1338 nt
683 1289 715 1338 ab
733 1289 788 1338 eins
806 1287 928 1355 diligente
948 1289 1125 1339 observatione

109 1364 230 1421 qnantum
246 1358 367 1423 praesidii
384 1358 411 1408 in
428 1357 578 1408 emendandi
594 1358 697 1424 negotio
714 1365 800 1421 petere
816 1356 905 1416 liceat,
925 1357 1038 1408 noudum
1056 1358 1090 1406 sit
1109 1373 1126 1408 a

108 1441 239 1490 quoquam·
250 1429 456 1485 demonstratum.
493 1425 544 1477 Sed
556 1427 587 1477 de
599 1426 686 1477 ordine
700 1426 804 1489 quidem
817 1425 910 1476 falsam
922 1441 979 1476 esse
991 1425 1125 1491 vulgarem

108 1496 530 1629 redimartitl'tlttt
544 1493 1124 1632 {iiiiiiiliii'iiiffciiiiiis'i

173 1601 181 1625 i
411 1601 419 1626 9

107 1648 169 1684 neca
190 1634 347 1693 indicantur,
369 1634 480 1684 diductis
501 1633 592 1685 litteris
615 1633 762 1699 plerumque
780 1633 947 1684 describenda
968 1633 1071 1693 curavi,
1095 1642 1124 1683 ut

107 1703 188 1766 siquis
207 1702 247 1752 vel
264 1703 424 1753 mediocriter
441 1704 568 1754 attendere
585 1702 661 1762 velit,
684 1702 716 1753 de
734 1703 829 1753 ordinis
848 1702 966 1769 neglectu
982 1703 1053 1766 queri
1071 1717 1124 1752 uon

107 1771 244 1821 admodum
262 1773 352 1836 possit.
387 1770 451 1821 Nam
468 1774 558 1838 negari
575 1786 638 1822 saue
655 1781 817 1837 conpotem,
841 1772 917 1822 sicuti
929 1779 1123 1837 praeceptorem

107 1839 218 1890 Senecae
234 1839 378 1890 Fabianum
397 1839 528 1905 Papirium
542 1847 641 1890 constet
658 1840 795 1902 aliqnando
812 1841 839 1889 in
857 1839 1020 1891 declamando
1038 1838 1122 1904 philo-

105 1907 215 1973 sophum
237 1907 330 1969 luisse,
356 1910 393 1958 ita
416 1906 538 1958 Senecam
562 1922 619 1958 esse
641 1909 668 1957 in
693 1907 896 1974 philosophando
916 1909 1121 1969 declamatorem,

106 1978 150 2039 qui
165 1976 239 2027 facile
253 1990 282 2026 se
297 1978 460 2028 ostentandae
474 1978 535 2027 artie
549 1977 681 2026 occasione
692 1991 743 2026 are
752 1978 882 2041 proposita
890 1978 980 2028 abduci
990 1977 1123 2043 paulisper

104 2046 230 2112 patiatur,
246 2053 288 2106 nt,
307 2046 376 2110 quod
389 2045 557 2106 Quintilianus
568 2046 617 2106 ait,
635 2045 679 2095 flat
688 2045 768 2095 oratio
777 2045 833 2096 eins
843 2047 947 2098 annosa
955 2054 981 2096 et
991 2046 1122 2096 accersitis

106 2114 332 2179 descriptionibus,
352 2116 379 2165 in
395 2129 458 2179 quas
471 2115 585 2181 plerique
601 2115 740 2165 imitatione
752 2115 868 2180 poeticae
886 2116 1003 2166 licentiae
1021 2115 1121 2166 ducun-

105 2193 159 2244 tur,
178 2184 300 2234 lasciviat.
337 2182 405 2234 Satis
423 2193 462 2234 est
479 2185 534 2234 elus
549 2185 586 2234 rei
602 2198 681 2234 unum
698 2183 797 2249 insigne
816 2192 917 2249 praeter
933 2194 1016 2235 cetera
1034 2200 1121 2234 exem·

105 2251 175 2317 plum
193 2267 334 2303 memorare
351 2268 365 2303 e
380 2251 437 2303 Nat.
452 2253 563 2313 Quaestt.
578 2252 622 2303 lib.
632 2252 678 2312 III,
695 2269 717 2303 c.
727 2254 760 2304 27
776 2267 831 2317 sqq.
843 2253 888 2304 ubi
898 2262 998 2319 arrepta
1009 2253 1121 2320 benigna

104 2321 243 2372 luxurianti
265 2322 367 2388 ingenie
391 2323 495 2372 materia
517 2320 621 2373 letalem
638 2321 729 2373 diluvii
746 2322 815 2371 diem
832 2322 951 2373 describit
966 2337 1013 2372 neo
1031 2337 1121 2372 aemu-

104 2390 171 2440 latur
187 2391 263 2442 modo
279 2389 399 2441 Ovidium
416 2392 462 2442 sed
479 2399 556 2442 etiam
574 2399 653 2441 artem
671 2391 726 2441 eins
743 2392 879 2442 examinat.
915 2390 967 2442 Sed
992 2392 1121 2442 eiusmodi

105 2457 255 2510 emblemata
272 2459 381 2510 orationi
398 2459 490 2511 ordine
503 2461 650 2526 procedenti
666 2475 763 2511 moram
775 2475 836 2511 sane
850 2460 986 2521 obiiciunt,
1005 2461 1120 2512 ordinem

105 2527 207 2590 quidem
229 2531 314 2595 ipsum
331 2529 508 2579 nonturbant.
545 2528 661 2580 Ceterum
678 2530 812 2593 quominus
829 2538 897 2581 recte
914 2530 1009 2593 ubique
1027 2531 1120 2580 oratio-

104 2598 145 2646 nis
162 2597 314 2648 continuitas
329 2606 354 2647 et
365 2611 515 2663 progressus
525 2597 720 2664 intelligeretur,
738 2599 808 2649 haud
819 2599 941 2665 exignum
952 2599 1119 2665 impedimen·

103 2672 157 2714 tum
173 2665 222 2715 init
238 2665 431 2733 perversissima
448 2681 524 2732 saepe
542 2669 697 2732 capitumet
714 2669 838 2718 minorum
857 2670 967 2733 partium
980 2668 1119 2729 distinctio,

104 2734 168 2784 adeo
186 2733 230 2784 illa
247 2735 391 2801 importuna
407 2749 608 2800 nonnumquam,
631 2746 660 2787 nt
677 2751 729 2787 non
747 2735 832 2787 solum
847 2737 971 2786 sententia
989 2738 1120 2802 scriptoris

105 2804 279 2853 obscuraretur
295 2803 342 2854 sed
358 2805 416 2870 ipsa
433 2805 509 2855 etiam
525 2806 650 2870 scriptura
666 2813 867 2871 corrumperetur
883 2815 928 2856 ant
942 2815 1060 2871 corrupta
1077 2821 1118 2856 re·

104 2878 144 2922 cte
162 2871 290 2922 emendari
307 2886 358 2923 uon
372 2881 472 2939 posset;
490 2888 521 2924 ao
537 2874 651 2925 Fickerto
668 2875 771 2939 quidem
788 2874 905 2938 religioni
923 2874 971 2925 luit
987 2877 1014 2924 in
1026 2874 1074 2924 hac
1090 2891 1119 2926 re

104 2947 203 2992 mutare
216 2942 365 3007 quicquam,
379 2941 477 2993 wllicet
489 2957 521 2993 ne
533 2945 658 2993 variarum
667 2943 812 2994 editionum
825 2945 923 2993 numeri
931 2944 1118 3009 discreparent:

104 3025 153 3075 ago
171 3023 232 3060 vcro
250 3009 319 3073 quod
336 3009 399 3060 mihi
416 3013 520 3078 marius
534 3012 720 3063 incommodum
737 3013 822 3063 visum
838 3019 893 3073 est,
912 3012 1017 3071 sustuli,
1035 3012 1119 3065 levius

104 3077 169 3129 illud
183 3078 314 3129 iereudum
328 3079 488 3142 existimavi,
506 3096 537 3131 eo
549 3089 633 3131 tamen
645 3087 841 3146 temperamento
853 3095 931 3142 neus,
948 3088 1034 3132 utnon
1044 3083 1117 3145 quasi

104 3149 131 3198 in
153 3163 181 3197 re
203 3148 302 3212 integra
323 3162 414 3198 novam
437 3149 622 3200 distinctionem
645 3148 769 3215 iacerem,
793 3149 840 3200 sed
860 3148 991 3216 vulgarem
1014 3151 1117 3220 serrem,

104 3216 189 3280 quoad
204 3216 261 3266 eine
276 3215 332 3265 lieri
349 3217 404 3267 elne
421 3232 511 3270 sensus
530 3218 677 3269 detrimento
689 3225 791 3284 posset,
809 3218 971 3284 capitumque
984 3235 1118 3270 nnmerum

104 3286 244 3337 minuerem
261 3298 411 3347 numquam,
436 3302 556 3353 augerem
573 3302 644 3347 raro,
667 3289 712 3338 nbi
730 3288 774 3352 qui
790 3302 821 3337 ea
837 3288 935 3353 primus
953 3289 1052 3350 divisit,
1071 3289 1118 3340 ob·

103 3355 197 3404 livione
215 3354 326 3416 aliquem
343 3353 426 3405 locum
438 3357 608 3406 transmisisse
622 3355 731 3406 videtur.
765 3357 898 3407 Praeterea
908 3372 974 3420 quae
987 3368 1117 3422 tamquam

104 3423 245 3474 adversarii
269 3423 345 3472 verba
364 3425 418 3474 suis
442 3426 600 3491 interponere
616 3424 680 3475 solet
698 3423 808 3486 Seneca
827 3425 889 3475 utile
906 3427 1016 3477 iudicavi
1034 3429 1117 3492 signis

103 3493 194 3559 positis
211 3504 358 3552 secemere,
375 3495 494 3555 quoniam
510 3495 538 3544 id
554 3509 654 3558 quoque
668 3497 774 3544 muitum
792 3494 875 3545 lacere
892 3495 925 3546 nd
942 3508 1039 3547 en‘ores
1056 3511 1118 3560 pro—

105 3560 230 3613 hibendos
250 3559 428 3611 animadverti.
