2438 3968
338 260 388 320 me
411 258 628 321 sannanim
648 260 723 343 ,mn
737 262 758 318 t.
781 269 807 324 a.
822 270 848 324 s.
1007 261 1070 327 ass

104 416 155 476 udi
174 416 282 474 usitata
299 413 432 473 remedia
456 427 514 472 non
532 411 716 486 procedunt,
741 417 883 487 temptant
906 418 1067 476 conantio.

104 498 265 559 Severitate
282 497 357 556 ninii
367 496 467 556 adduc
473 495 648 570 profecisti:
666 493 867 555 Saluidienum
878 497 1009 573 Lepidus
1021 516 1067 559 se-

105 587 253 654 cutusest,
273 580 416 655 Lepidam
430 579 594 651 Muraena,
614 578 795 638 Maraenam
808 579 928 655 Ooepio,
947 581 1066 658 Caepio-

105 682 171 726 nem
182 666 339 738 Epnotias,
364 670 397 724 at
415 666 488 724 otios
503 669 630 734 taceam,
656 678 727 736 quos
741 669 853 722 tontum
864 680 951 726 casos
962 666 1067 740 pudet.

104 749 192 809 Nunc
214 754 335 823 tempta,
357 747 499 822 quomodo
522 747 575 806 atat
595 747 683 806 cedat
703 749 865 807 clementia.
894 751 1010 822 ranosce
1032 749 1067 808 L.

106 833 226 892 Cinnae.
249 831 447 906 deprenensus
462 837 513 890 est.
538 833 597 890 iam
609 846 714 890 nacae
729 831 781 890 titi
799 837 975 907 conpetat,
986 848 1067 908 pro-

105 919 189 977 desse
207 916 312 989 famae
325 921 393 974 tuae
402 919 504 989 potest.
541 914 671 974 Gavisus
689 914 762 986 sibi,
776 915 871 990 'quod
886 915 1094 981 advocatumt

104 1000 273 1072 invenerat,
303 998 392 1056 uxori
414 997 537 1073 quidem
557 998 669 1071 gratias
689 997 763 1072 egit,
784 999 947 1060 renuntiari
969 1006 1068 1060 autem

105 1082 258 1157 extemplo
273 1080 391 1155 amicis,
410 1097 488 1156 quos
503 1081 532 1141 in
549 1080 707 1141 consilium
721 1091 895 1157 rogaverat,
910 1082 1069 1157 imperavit

105 1175 135 1227 et
151 1165 274 1227 Cinnam
297 1181 389 1226 unum
410 1165 449 1224 ad
469 1180 505 1224 se
524 1164 654 1225 accersit
673 1164 869 1241 dimissisque
891 1166 1030 1227 omnibus
1051 1182 1068 1226 e

105 1251 260 1323 cubiculo,
283 1265 351 1309 cum
366 1251 489 1309 alteram
510 1248 622 1308 Cinnae
637 1248 709 1323 poni
724 1249 896 1310 cathedram
918 1249 1068 1324 iussisset,

104 1337 173 1407 itoc,
199 1333 310 1408 inquit,
323 1336 455 1409 primum
468 1350 488 1392 a
501 1341 527 1393 te
535 1339 619 1408 peto,
635 1350 673 1392 ne
688 1349 734 1392 me
747 1337 908 1407 toquentem
923 1337 1068 1409 interpel-

104 1422 159 1492 les,
184 1434 222 1478 ne
244 1419 340 1478 medio
363 1433 496 1477 sermone
519 1433 580 1476 meo
598 1420 776 1491 proclames.
810 1418 929 1477 dabitur
951 1419 1004 1478 aar·
1021 1422 1069 1478 io-

105 1503 216 1577 qaendi
227 1504 351 1562 liberam
369 1508 489 1576 tempus.
516 1501 581 1575 Epo
601 1506 641 1572 te,
665 1501 774 1573 Cinna,
800 1517 866 1561 cum
891 1505 923 1561 in
946 1502 1097 1576 nusaumg

104 1589 211 1646 castris
224 1588 409 1658 invenissem,
434 1601 493 1645 non
503 1584 618 1657 factum
633 1590 745 1644 tantum
757 1586 831 1644 milti
839 1586 1002 1657 inimicata,
1016 1587 1070 1646 sed

104 1677 219 1742 natura,
246 1672 376 1741 saravi,
390 1671 602 1743 patrimonium
626 1669 678 1728 tibi
699 1684 782 1728 omne
806 1671 943 1730 concessi.
973 1671 1070 1731 Hodie

105 1762 164 1813 tom
174 1753 255 1827 felia
269 1770 300 1813 es
312 1760 341 1813 et
350 1759 411 1812 tam
424 1753 516 1825 diues,
530 1757 564 1812 at
575 1754 648 1811 uicto
659 1755 781 1812 victores
791 1754 949 1813 inrideant.
963 1770 1070 1815 sacer-

105 1840 214 1897 dotium
228 1838 280 1897 att
286 1838 400 1911 petenti
410 1838 579 1911 praeteritis
595 1837 797 1910 conplurima,
819 1852 1070 1913 quoramporen-

106 1929 147 1981 tes
164 1936 276 1980 mecum
299 1922 510 1993 militauerant,
533 1920 619 1979 dedi:
640 1935 706 1980 cam
727 1923 770 1981 sic
795 1921 832 1980 de
857 1926 885 1982 ie
904 1925 1069 1994 monteria,

104 2005 239 2066 occidere
251 2021 297 2064 me
309 2007 489 2065 eonstituisti.
512 2002 585 2063 Cum
599 2004 638 2062 ad
653 2003 731 2064 hanc
745 2020 852 2064 vocem
869 2007 1099 2076 exclamassem

106 2089 213 2164 procui
233 2088 311 2147 hanc
332 2088 369 2147 ab
386 2104 420 2147 sc
436 2089 546 2147 abesse
567 2087 761 2148 dementiam:
789 2105 848 2149 non
858 2096 1011 2165 praestas,
1026 2090 1070 2146 in·
1093 2114 1094 2117 ¹

90 2172 184 2248 quit,
207 2174 312 2245 fidem,
339 2172 442 2232 Oinno.
471 2177 657 2245 conuenerat,
680 2189 717 2232 ne
734 2176 979 2247 interloquereris.
1010 2171 1070 2232 Oc-

104 2258 217 2326 cidere,
234 2260 376 2331 inquam,
388 2273 434 2316 me
445 2272 549 2332 poros.
581 2255 701 2315 Adiecit
716 2256 829 2327 locum,
846 2257 964 2329 socios,
980 2255 1069 2328 diem,

107 2339 243 2401 ordinem
269 2338 461 2414 insidiarum,
491 2340 538 2399 cui
563 2339 757 2400 commissum
781 2344 865 2399 esset
889 2340 1008 2398 ferrum.
1041 2345 1072 2399 et

107 2439 175 2482 cum
190 2423 324 2483 defixum
337 2424 455 2482 videret
476 2439 532 2483 nec
557 2437 597 2481 ex
622 2423 823 2481 conventione
845 2423 919 2494 iam,
949 2423 1006 2482 sed
1030 2439 1071 2482 ex

109 2505 296 2566 conscientia
308 2513 473 2567 tacentem:
503 2507 579 2578 Quo,
598 2504 707 2578 inquit,
735 2508 901 2567 nocanimo
912 2503 1016 2580 facis?
1041 2512 1114 2572 ailo

106 2594 168 2667 ipse
191 2593 232 2651 sis
250 2587 415 2666 princeps?
442 2593 519 2650 mate
537 2590 702 2649 mehercule
725 2606 791 2650 cum
807 2594 918 2665 populo
937 2591 1071 2652 Romano

106 2678 220 2750 opitar,
249 2677 277 2734 si
299 2676 351 2734 tibi
371 2675 415 2733 ad
434 2674 639 2749 imperandum
662 2673 737 2734 niitit
754 2681 879 2750 praeter
903 2691 949 2735 me
970 2675 1071 2735 adstat.

104 2754 228 2821 Domum
238 2764 319 2818 tuom
339 2762 416 2818 tueri
427 2774 486 2818 non
497 2763 588 2832 potes.
613 2774 710 2832 nuper
720 2760 849 2819 libertini
857 2759 980 2819 dominis
990 2775 1071 2834 pra-

105 2846 147 2904 tia
164 2845 195 2902 in
205 2845 322 2918 priuato
336 2843 445 2902 iudicio
457 2849 615 2917 superatus
626 2858 671 2901 es:
695 2843 770 2903 odeo
789 2843 996 2915 nittitfacitius
1007 2860 1071 2918 pu-

106 2933 152 2988 tas
165 2942 254 3000 qaam
271 2932 375 2986 contra
391 2927 547 2986 Caesarem
567 2923 736 2986 advocare?
766 2926 856 2999 Cedo,
878 2929 906 2987 si
914 2944 980 3002 spes
1005 2936 1072 2987 tuas

104 3014 183 3071 solus
196 3012 338 3085 impedio,
361 3011 510 3070 Paulusne
528 3015 554 3070 te
570 3010 717 3070 citatius
727 3012 881 3071 Maximus
902 3017 931 3070 et
946 3010 1027 3070 Cossi
1044 3021 1072 3070 et

105 3094 224 3154 Seruilii
236 3095 338 3168 serem
355 3100 523 3168 tantamque
537 3109 642 3167 apmen
662 3095 800 3154 nobilium
815 3110 874 3154 non
891 3097 994 3154 inania
1013 3109 1071 3154 no-

104 3182 186 3238 mina
204 3179 455 3253 praeferentium,
480 3179 534 3238 sed
549 3193 662 3250 eorum,
679 3181 732 3253 qui
748 3179 924 3253 imapinibas
939 3181 1000 3238 sais
1013 3179 1070 3238 de·

104 3265 169 3324 cori
187 3260 275 3323 sant?
301 3262 345 3320 Nc
365 3267 457 3322 totam
474 3261 539 3321 eius
555 3261 722 3321 orationem
743 3261 909 3336 repetendo
931 3267 1112 3336 magnamll

105 3352 223 3422 partem
238 3344 398 3406 voluminis
413 3361 609 3420 occupem-
622 3344 733 3405 diutius
749 3344 827 3404 enim
844 3361 934 3419 quam
949 3345 1070 3405 duabus

105 3429 189 3489 horis
210 3431 342 3490 locutum
362 3445 433 3490 esse
453 3436 572 3490 constat
590 3463 634 3476 -
655 3445 722 3489 cum
741 3428 820 3488 hanc
834 3443 980 3503 poenam,
1009 3444 1071 3503 qua

107 3515 173 3574 sola
190 3521 254 3573 erat
268 3520 428 3576 contentus
450 3514 584 3586 iuturus,
607 3514 798 3574 extenderet:
823 3516 911 3574 uitam
931 3513 996 3582 titt,
1019 3511 1070 3571 in-
