<?xml version="1.0" encoding="UTF-8"?>
<!DOCTYPE html PUBLIC "-//W3C//DTD XHTML 1.0 Transitional//EN"
    "http://www.w3.org/TR/xhtml1/DTD/xhtml1-transitional.dtd">
<html xmlns="http://www.w3.org/1999/xhtml" xml:lang="en" lang="en">
 <head>
  <title>
</title>
<meta http-equiv="Content-Type" content="text/html;charset=utf-8" />
  <meta name='ocr-system' content='tesseract 3.04.00' />
  <meta name='ocr-capabilities' content='ocr_page ocr_carea ocr_par ocr_line ocrx_word'/>
</head>
<body>
  <div class='ocr_page' id='page_1' title='image "./lannaeisenecaeo05senegoog_0308.png"; bbox 0 0 2438 3968; ppageno 0'>
   <div class='ocr_carea' id='block_1_1' title="bbox 311 268 1080 332">
    <p class='ocr_par' dir='ltr' id='par_1_1' title="bbox 311 268 1080 332">
     <span class='ocr_line' id='line_1_1' title="bbox 311 268 1080 332; baseline 0.001 -2"><span class='ocrx_word' id='word_1_1' title='bbox 311 269 360 330; x_wconf 86' lang='lat' dir='ltr'><strong>DE</strong></span> <span class='ocrx_word' id='word_1_2' title='bbox 383 268 599 328; x_wconf 81' lang='lat' dir='ltr'><strong>CLEMENTIA</strong></span> <span class='ocrx_word' id='word_1_3' title='bbox 623 268 728 327; x_wconf 91' lang='lat' dir='ltr'><strong>LlB.l.</strong></span> <span class='ocrx_word' id='word_1_4' title='bbox 755 276 884 332; x_wconf 85' lang='lat'>17-19.</span> <span class='ocrx_word' id='word_1_5' title='bbox 1020 269 1080 332; x_wconf 75' lang='lat'><strong>293</strong></span> 
     </span>
    </p>
   </div>
   <div class='ocr_carea' id='block_1_2' title="bbox 74 418 1114 3595">
    <p class='ocr_par' dir='ltr' id='par_1_2' title="bbox 74 418 1114 3595">
     <span class='ocr_line' id='line_1_2' title="bbox 116 418 1081 496; baseline 0.003 -17"><span class='ocrx_word' id='word_1_6' title='bbox 116 421 280 481; x_wconf 79' lang='lat' dir='ltr'><strong>formosius</strong></span> <span class='ocrx_word' id='word_1_7' title='bbox 297 418 328 478; x_wconf 90' lang='lat' dir='ltr'><strong>id</strong></span> <span class='ocrx_word' id='word_1_8' title='bbox 342 434 413 479; x_wconf 87' lang='lat' dir='ltr'><strong>esse</strong></span> <span class='ocrx_word' id='word_1_9' title='bbox 426 419 729 493; x_wconf 87' lang='lat' dir='ltr'><strong>magnificentiusque</strong></span> <span class='ocrx_word' id='word_1_10' title='bbox 742 419 889 492; x_wconf 75' lang='lat' dir='ltr'><strong>fatebitur,</strong></span> <span class='ocrx_word' id='word_1_11' title='bbox 905 438 966 496; x_wconf 91' lang='lat' dir='ltr'><strong>quo</strong></span> <span class='ocrx_word' id='word_1_12' title='bbox 979 421 1008 480; x_wconf 93' lang='lat' dir='ltr'><strong>in</strong></span> <span class='ocrx_word' id='word_1_13' title='bbox 1020 439 1081 482; x_wconf 91' lang='lat' dir='ltr'><strong>ma·</strong></span> 
     </span>
     <span class='ocr_line' id='line_1_3' title="bbox 116 502 1082 579; baseline 0.003 -17"><span class='ocrx_word' id='word_1_14' title='bbox 116 503 172 564; x_wconf 90' lang='lat' dir='ltr'><strong>iori</strong></span> <span class='ocrx_word' id='word_1_15' title='bbox 196 502 399 579; x_wconf 79' lang='lat' dir='ltr'><strong>praestabitur</strong></span> <span class='ocrx_word' id='word_1_16' title='bbox 425 509 588 577; x_wconf 84' lang='lat' dir='ltr'><strong>potestate,</strong></span> <span class='ocrx_word' id='word_1_17' title='bbox 616 519 706 576; x_wconf 86' lang='lat' dir='ltr'><strong>quarn</strong></span> <span class='ocrx_word' id='word_1_18' title='bbox 731 520 792 564; x_wconf 94' lang='lat' dir='ltr'><strong>non</strong></span> <span class='ocrx_word' id='word_1_19' title='bbox 817 512 937 578; x_wconf 89' lang='lat' dir='ltr'><strong>oportet</strong></span> <span class='ocrx_word' id='word_1_20' title='bbox 961 505 1082 565; x_wconf 88' lang='lat' dir='ltr'><strong>noxiam</strong></span> 
     </span>
     <span class='ocr_line' id='line_1_4' title="bbox 116 584 1114 660; baseline 0.002 -13"><span class='ocrx_word' id='word_1_21' title='bbox 116 603 202 660; x_wconf 90' lang='lat' dir='ltr'><strong>esse,</strong></span> <span class='ocrx_word' id='word_1_22' title='bbox 226 587 253 647; x_wconf 93' lang='lat' dir='ltr'><strong>si</strong></span> <span class='ocrx_word' id='word_1_23' title='bbox 267 587 306 646; x_wconf 92' lang='lat' dir='ltr'><strong>ad</strong></span> <span class='ocrx_word' id='word_1_24' title='bbox 321 596 446 647; x_wconf 89' lang='lat' dir='ltr'><strong>naturae</strong></span> <span class='ocrx_word' id='word_1_25' title='bbox 460 588 558 660; x_wconf 86' lang='lat' dir='ltr'><strong>legem</strong></span> <span class='ocrx_word' id='word_1_26' title='bbox 570 586 760 660; x_wconf 91' lang='lat' dir='ltr'><strong>conponitur.</strong></span> <span class='ocrx_word' id='word_1_27' title='bbox 785 587 898 647; x_wconf 90' lang='lat' dir='ltr'><strong>Natura</strong></span> <span class='ocrx_word' id='word_1_28' title='bbox 909 589 988 647; x_wconf 91' lang='lat' dir='ltr'><strong>enirn</strong></span> <span class='ocrx_word' id='word_1_29' title='bbox 1000 605 1082 649; x_wconf 91' lang='lat' dir='ltr'><strong>corn·</strong></span> <span class='ocrx_word' id='word_1_30' title='bbox 1097 584 1114 635; x_wconf 60' lang='grc' dir='ltr'><strong><em>Ἰ</em></strong></span> 
     </span>
     <span class='ocr_line' id='line_1_5' title="bbox 114 669 1080 746; baseline 0.003 -16"><span class='ocrx_word' id='word_1_31' title='bbox 114 677 216 731; x_wconf 89' lang='lat' dir='ltr'><strong>menta</strong></span> <span class='ocrx_word' id='word_1_32' title='bbox 230 677 277 730; x_wconf 91' lang='lat' dir='ltr'><strong>est</strong></span> <span class='ocrx_word' id='word_1_33' title='bbox 289 686 408 745; x_wconf 80' lang='lat' dir='ltr'><strong>regem,</strong></span> <span class='ocrx_word' id='word_1_34' title='bbox 431 670 514 744; x_wconf 91' lang='lat' dir='ltr'><strong>quod</strong></span> <span class='ocrx_word' id='word_1_35' title='bbox 529 679 558 731; x_wconf 91' lang='lat' dir='ltr'><strong>et</strong></span> <span class='ocrx_word' id='word_1_36' title='bbox 572 686 610 729; x_wconf 88' lang='lat' dir='ltr'><strong>ex</strong></span> <span class='ocrx_word' id='word_1_37' title='bbox 620 669 688 729; x_wconf 92' lang='lat' dir='ltr'><strong>allis</strong></span> <span class='ocrx_word' id='word_1_38' title='bbox 699 671 878 730; x_wconf 81' lang='lat' dir='ltr'><strong>animalibus</strong></span> <span class='ocrx_word' id='word_1_39' title='bbox 890 672 959 732; x_wconf 91' lang='lat' dir='ltr'><strong>licet</strong></span> <span class='ocrx_word' id='word_1_40' title='bbox 969 687 1080 746; x_wconf 85' lang='lat' dir='ltr'><strong>cogno-</strong></span> 
     </span>
     <span class='ocr_line' id='line_1_6' title="bbox 115 753 1083 829; baseline 0.002 -15"><span class='ocrx_word' id='word_1_41' title='bbox 115 770 203 814; x_wconf 83' lang='lat' dir='ltr'><strong>scere</strong></span> <span class='ocrx_word' id='word_1_42' title='bbox 217 760 247 815; x_wconf 87' lang='lat' dir='ltr'><strong>et</strong></span> <span class='ocrx_word' id='word_1_43' title='bbox 261 770 300 813; x_wconf 89' lang='lat' dir='ltr'><strong>ex</strong></span> <span class='ocrx_word' id='word_1_44' title='bbox 314 754 440 829; x_wconf 89' lang='lat' dir='ltr'><strong>apibus,</strong></span> <span class='ocrx_word' id='word_1_45' title='bbox 465 770 593 828; x_wconf 88' lang='lat' dir='ltr'><strong>quarum</strong></span> <span class='ocrx_word' id='word_1_46' title='bbox 606 753 671 828; x_wconf 86' lang='lat' dir='ltr'><strong>regi</strong></span> <span class='ocrx_word' id='word_1_47' title='bbox 686 754 906 829; x_wconf 88' lang='lat' dir='ltr'><strong>amplissimum</strong></span> <span class='ocrx_word' id='word_1_48' title='bbox 922 754 1019 815; x_wconf 82' lang='lat' dir='ltr'><strong>cubile</strong></span> <span class='ocrx_word' id='word_1_49' title='bbox 1036 766 1083 816; x_wconf 90' lang='lat' dir='ltr'><strong>est</strong></span> 
     </span>
     <span class='ocr_line' id='line_1_7' title="bbox 115 836 1081 914; baseline 0.002 -18"><span class='ocrx_word' id='word_1_50' title='bbox 115 837 278 914; x_wconf 91' lang='lat' dir='ltr'><strong>medioque</strong></span> <span class='ocrx_word' id='word_1_51' title='bbox 299 853 335 897; x_wconf 92' lang='lat' dir='ltr'><strong>ac</strong></span> <span class='ocrx_word' id='word_1_52' title='bbox 354 836 505 898; x_wconf 89' lang='lat' dir='ltr'><strong>tutissimo</strong></span> <span class='ocrx_word' id='word_1_53' title='bbox 527 838 606 897; x_wconf 93' lang='lat' dir='ltr'><strong>loco.</strong></span> <span class='ocrx_word' id='word_1_54' title='bbox 634 846 792 911; x_wconf 90' lang='lat' dir='ltr'><strong>practerea</strong></span> <span class='ocrx_word' id='word_1_55' title='bbox 813 854 905 899; x_wconf 88' lang='lat' dir='ltr'><strong>onere</strong></span> <span class='ocrx_word' id='word_1_56' title='bbox 926 845 1016 898; x_wconf 86' lang='lat' dir='ltr'><strong>vacat</strong></span> <span class='ocrx_word' id='word_1_57' title='bbox 1030 855 1081 898; x_wconf 87' lang='lat' dir='ltr'><strong>ex-</strong></span> 
     </span>
     <span class='ocr_line' id='line_1_8' title="bbox 114 921 1083 997; baseline 0 -16"><span class='ocrx_word' id='word_1_58' title='bbox 114 929 200 981; x_wconf 90' lang='lat' dir='ltr'><strong>actor</strong></span> <span class='ocrx_word' id='word_1_59' title='bbox 219 921 386 982; x_wconf 87' lang='lat' dir='ltr'><strong>alienorum</strong></span> <span class='ocrx_word' id='word_1_60' title='bbox 408 936 548 995; x_wconf 86' lang='lat' dir='ltr'><strong>operum,</strong></span> <span class='ocrx_word' id='word_1_61' title='bbox 571 929 601 980; x_wconf 92' lang='lat' dir='ltr'><strong>et</strong></span> <span class='ocrx_word' id='word_1_62' title='bbox 615 922 729 981; x_wconf 90' lang='lat' dir='ltr'><strong>amisso</strong></span> <span class='ocrx_word' id='word_1_63' title='bbox 744 938 817 997; x_wconf 87' lang='lat' dir='ltr'><strong>rege</strong></span> <span class='ocrx_word' id='word_1_64' title='bbox 834 929 928 984; x_wconf 90' lang='lat' dir='ltr'><strong>tolum</strong></span> <span class='ocrx_word' id='word_1_65' title='bbox 943 922 1083 983; x_wconf 90' lang='lat' dir='ltr'><strong>dilabitur</strong></span> 
     </span>
     <span class='ocr_line' id='line_1_9' title="bbox 115 1006 1080 1080; baseline 0.001 -16"><span class='ocrx_word' id='word_1_66' title='bbox 115 1011 279 1078; x_wconf 65' lang='lat' dir='ltr'><strong>foramem,</strong></span> <span class='ocrx_word' id='word_1_67' title='bbox 301 1020 358 1064; x_wconf 90' lang='lat' dir='ltr'><strong>nec</strong></span> <span class='ocrx_word' id='word_1_68' title='bbox 377 1021 522 1079; x_wconf 88' lang='lat' dir='ltr'><strong>umquam</strong></span> <span class='ocrx_word' id='word_1_69' title='bbox 542 1007 612 1079; x_wconf 91' lang='lat' dir='ltr'><strong>plus</strong></span> <span class='ocrx_word' id='word_1_70' title='bbox 633 1022 726 1065; x_wconf 91' lang='lat' dir='ltr'><strong>unum</strong></span> <span class='ocrx_word' id='word_1_71' title='bbox 747 1006 899 1080; x_wconf 88' lang='lat' dir='ltr'><strong>patiuntur</strong></span> <span class='ocrx_word' id='word_1_72' title='bbox 914 1008 1080 1066; x_wconf 91' lang='lat' dir='ltr'><strong>meliorem-</strong></span> 
     </span>
     <span class='ocr_line' id='line_1_10' title="bbox 116 1088 1084 1165; baseline 0.004 -17"><span class='ocrx_word' id='word_1_73' title='bbox 116 1104 176 1162; x_wconf 88' lang='lat' dir='ltr'><strong>que</strong></span> <span class='ocrx_word' id='word_1_74' title='bbox 197 1105 300 1163; x_wconf 88' lang='lat' dir='ltr'><strong>pugna</strong></span> <span class='ocrx_word' id='word_1_75' title='bbox 320 1096 477 1165; x_wconf 86' lang='lat' dir='ltr'><strong>quaerunt.</strong></span> <span class='ocrx_word' id='word_1_76' title='bbox 508 1095 665 1164; x_wconf 88' lang='lat' dir='ltr'><strong>praeterea</strong></span> <span class='ocrx_word' id='word_1_77' title='bbox 686 1088 813 1164; x_wconf 85' lang='lat' dir='ltr'><strong>insignis</strong></span> <span class='ocrx_word' id='word_1_78' title='bbox 834 1091 897 1165; x_wconf 89' lang='lat' dir='ltr'><strong>regi</strong></span> <span class='ocrx_word' id='word_1_79' title='bbox 919 1092 1015 1150; x_wconf 90' lang='lat' dir='ltr'><strong>forma</strong></span> <span class='ocrx_word' id='word_1_80' title='bbox 1036 1099 1084 1152; x_wconf 82' lang='lat' dir='ltr'><strong>est</strong></span> 
     </span>
     <span class='ocr_line' id='line_1_11' title="bbox 114 1171 1082 1247; baseline 0.003 -15"><span class='ocrx_word' id='word_1_81' title='bbox 114 1171 334 1247; x_wconf 87' lang='lat' dir='ltr'><strong>dissimilisque</strong></span> <span class='ocrx_word' id='word_1_82' title='bbox 356 1172 465 1233; x_wconf 90' lang='lat' dir='ltr'><strong>ceteris</strong></span> <span class='ocrx_word' id='word_1_83' title='bbox 485 1179 546 1231; x_wconf 88' lang='lat' dir='ltr'><strong>lum</strong></span> <span class='ocrx_word' id='word_1_84' title='bbox 567 1172 788 1247; x_wconf 82' lang='lat' dir='ltr'><strong>magnitudine,</strong></span> <span class='ocrx_word' id='word_1_85' title='bbox 813 1180 876 1233; x_wconf 91' lang='lat' dir='ltr'><strong>tum</strong></span> <span class='ocrx_word' id='word_1_86' title='bbox 890 1175 996 1234; x_wconf 88' lang='lat' dir='ltr'><strong>nitore.</strong></span> <span class='ocrx_word' id='word_1_87' title='bbox 1023 1174 1082 1235; x_wconf 91' lang='lat' dir='ltr'><strong>hoc</strong></span> 
     </span>
     <span class='ocr_line' id='line_1_12' title="bbox 115 1255 1081 1332; baseline 0.002 -17"><span class='ocrx_word' id='word_1_88' title='bbox 115 1263 214 1316; x_wconf 90' lang='lat' dir='ltr'><strong>tamen</strong></span> <span class='ocrx_word' id='word_1_89' title='bbox 235 1257 366 1316; x_wconf 88' lang='lat' dir='ltr'><strong>maxime</strong></span> <span class='ocrx_word' id='word_1_90' title='bbox 387 1255 588 1331; x_wconf 80' lang='lat' dir='ltr'><strong>distinguitur.</strong></span> <span class='ocrx_word' id='word_1_91' title='bbox 620 1257 875 1317; x_wconf 87' lang='lat' dir='ltr'><strong>iracundissimae</strong></span> <span class='ocrx_word' id='word_1_92' title='bbox 892 1273 928 1317; x_wconf 92' lang='lat' dir='ltr'><strong>ac</strong></span> <span class='ocrx_word' id='word_1_93' title='bbox 944 1273 999 1332; x_wconf 92' lang='lat' dir='ltr'><strong>pro</strong></span> <span class='ocrx_word' id='word_1_94' title='bbox 1016 1274 1081 1318; x_wconf 90' lang='lat' dir='ltr'><strong>cor-</strong></span> 
     </span>
     <span class='ocr_line' id='line_1_13' title="bbox 116 1341 1080 1415; baseline 0 -15"><span class='ocrx_word' id='word_1_95' title='bbox 116 1341 200 1414; x_wconf 91' lang='lat' dir='ltr'><strong>poris</strong></span> <span class='ocrx_word' id='word_1_96' title='bbox 222 1348 313 1415; x_wconf 90' lang='lat' dir='ltr'><strong>captu</strong></span> <span class='ocrx_word' id='word_1_97' title='bbox 334 1341 579 1415; x_wconf 81' lang='lat' dir='ltr'><strong>pugnacissimae</strong></span> <span class='ocrx_word' id='word_1_98' title='bbox 600 1348 671 1401; x_wconf 93' lang='lat' dir='ltr'><strong>sunt</strong></span> <span class='ocrx_word' id='word_1_99' title='bbox 691 1356 767 1414; x_wconf 90' lang='lat' dir='ltr'><strong>apes</strong></span> <span class='ocrx_word' id='word_1_100' title='bbox 787 1350 817 1402; x_wconf 87' lang='lat' dir='ltr'><strong>et</strong></span> <span class='ocrx_word' id='word_1_101' title='bbox 832 1343 956 1402; x_wconf 84' lang='lat' dir='ltr'><strong>aculeos</strong></span> <span class='ocrx_word' id='word_1_102' title='bbox 972 1343 1001 1400; x_wconf 93' lang='lat' dir='ltr'><strong>in</strong></span> <span class='ocrx_word' id='word_1_103' title='bbox 1016 1343 1080 1402; x_wconf 85' lang='lat' dir='ltr'><strong>vol-</strong></span> 
     </span>
     <span class='ocr_line' id='line_1_14' title="bbox 114 1423 1113 1500; baseline -0.001 -18"><span class='ocrx_word' id='word_1_104' title='bbox 114 1440 188 1484; x_wconf 92' lang='lat' dir='ltr'><strong>nere</strong></span> <span class='ocrx_word' id='word_1_105' title='bbox 209 1423 397 1500; x_wconf 69' lang='lat' dir='ltr'><strong>relinquunte</strong></span> <span class='ocrx_word' id='word_1_106' title='bbox 424 1441 481 1484; x_wconf 89' lang='lat' dir='ltr'><strong>rex</strong></span> <span class='ocrx_word' id='word_1_107' title='bbox 501 1424 568 1498; x_wconf 92' lang='lat' dir='ltr'><strong>ipse</strong></span> <span class='ocrx_word' id='word_1_108' title='bbox 588 1425 655 1483; x_wconf 93' lang='lat' dir='ltr'><strong>sine</strong></span> <span class='ocrx_word' id='word_1_109' title='bbox 669 1425 776 1484; x_wconf 88' lang='lat' dir='ltr'><strong>aculeo</strong></span> <span class='ocrx_word' id='word_1_110' title='bbox 792 1430 848 1485; x_wconf 86' lang='lat' dir='ltr'><strong>est.</strong></span> <span class='ocrx_word' id='word_1_111' title='bbox 884 1424 985 1484; x_wconf 87' lang='lat' dir='ltr'><strong>Noluit</strong></span> <span class='ocrx_word' id='word_1_112' title='bbox 999 1426 1080 1485; x_wconf 92' lang='lat' dir='ltr'><strong>illum</strong></span> <span class='ocrx_word' id='word_1_113' title='bbox 1096 1428 1113 1481; x_wconf 86' lang='lat'><strong>3</strong></span> 
     </span>
     <span class='ocr_line' id='line_1_15' title="bbox 114 1508 1079 1583; baseline 0.002 -17"><span class='ocrx_word' id='word_1_114' title='bbox 114 1515 221 1568; x_wconf 88' lang='lat' dir='ltr'><strong>natura</strong></span> <span class='ocrx_word' id='word_1_115' title='bbox 236 1524 293 1568; x_wconf 91' lang='lat' dir='ltr'><strong>nec</strong></span> <span class='ocrx_word' id='word_1_116' title='bbox 307 1523 433 1568; x_wconf 88' lang='lat' dir='ltr'><strong>suevum</strong></span> <span class='ocrx_word' id='word_1_117' title='bbox 449 1523 520 1568; x_wconf 88' lang='lat' dir='ltr'><strong>esse</strong></span> <span class='ocrx_word' id='word_1_118' title='bbox 530 1522 586 1566; x_wconf 90' lang='lat' dir='ltr'><strong>nec</strong></span> <span class='ocrx_word' id='word_1_119' title='bbox 597 1508 742 1568; x_wconf 87' lang='lat' dir='ltr'><strong>ultionem</strong></span> <span class='ocrx_word' id='word_1_120' title='bbox 753 1524 863 1583; x_wconf 88' lang='lat' dir='ltr'><strong>magno</strong></span> <span class='ocrx_word' id='word_1_121' title='bbox 876 1514 1079 1569; x_wconf 87' lang='lat' dir='ltr'><strong>constaturam</strong></span> 
     </span>
     <span class='ocr_line' id='line_1_16' title="bbox 115 1590 1079 1667; baseline -0.003 -16"><span class='ocrx_word' id='word_1_122' title='bbox 115 1600 231 1667; x_wconf 91' lang='lat' dir='ltr'><strong>petere,</strong></span> <span class='ocrx_word' id='word_1_123' title='bbox 255 1592 409 1667; x_wconf 87' lang='lat' dir='ltr'><strong>telumque</strong></span> <span class='ocrx_word' id='word_1_124' title='bbox 429 1590 560 1651; x_wconf 89' lang='lat' dir='ltr'><strong>detraxit</strong></span> <span class='ocrx_word' id='word_1_125' title='bbox 574 1600 603 1652; x_wconf 89' lang='lat' dir='ltr'><strong>et</strong></span> <span class='ocrx_word' id='word_1_126' title='bbox 616 1590 691 1652; x_wconf 88' lang='lat' dir='ltr'><strong>iram</strong></span> <span class='ocrx_word' id='word_1_127' title='bbox 706 1592 771 1652; x_wconf 92' lang='lat' dir='ltr'><strong>eius</strong></span> <span class='ocrx_word' id='word_1_128' title='bbox 786 1593 931 1652; x_wconf 88' lang='lat' dir='ltr'><strong>inermem</strong></span> <span class='ocrx_word' id='word_1_129' title='bbox 945 1593 1079 1667; x_wconf 78' lang='lat' dir='ltr'><strong>reliquit:</strong></span> 
     </span>
     <span class='ocr_line' id='line_1_17' title="bbox 114 1673 1080 1751; baseline 0 -16"><span class='ocrx_word' id='word_1_130' title='bbox 114 1678 270 1751; x_wconf 90' lang='lat' dir='ltr'><strong>exemplar</strong></span> <span class='ocrx_word' id='word_1_131' title='bbox 282 1676 340 1736; x_wconf 94' lang='lat' dir='ltr'><strong>hoc</strong></span> <span class='ocrx_word' id='word_1_132' title='bbox 352 1674 469 1751; x_wconf 90' lang='lat' dir='ltr'><strong>magnis</strong></span> <span class='ocrx_word' id='word_1_133' title='bbox 481 1673 605 1749; x_wconf 88' lang='lat' dir='ltr'><strong>regibus</strong></span> <span class='ocrx_word' id='word_1_134' title='bbox 617 1675 724 1749; x_wconf 89' lang='lat' dir='ltr'><strong>ingens</strong></span> <span class='ocrx_word' id='word_1_135' title='bbox 737 1683 792 1735; x_wconf 93' lang='lat' dir='ltr'><strong>est.</strong></span> <span class='ocrx_word' id='word_1_136' title='bbox 816 1684 863 1735; x_wconf 91' lang='lat' dir='ltr'><strong>est</strong></span> <span class='ocrx_word' id='word_1_137' title='bbox 872 1677 951 1735; x_wconf 90' lang='lat' dir='ltr'><strong>enim</strong></span> <span class='ocrx_word' id='word_1_138' title='bbox 962 1677 1002 1736; x_wconf 92' lang='lat' dir='ltr'><strong>illi</strong></span> <span class='ocrx_word' id='word_1_139' title='bbox 1015 1692 1080 1736; x_wconf 91' lang='lat' dir='ltr'><strong>mos</strong></span> 
     </span>
     <span class='ocr_line' id='line_1_18' title="bbox 113 1758 1080 1834; baseline 0.001 -14"><span class='ocrx_word' id='word_1_140' title='bbox 113 1776 258 1821; x_wconf 89' lang='lat' dir='ltr'><strong>exercere</strong></span> <span class='ocrx_word' id='word_1_141' title='bbox 278 1776 314 1820; x_wconf 91' lang='lat' dir='ltr'><strong>se</strong></span> <span class='ocrx_word' id='word_1_142' title='bbox 333 1759 364 1819; x_wconf 94' lang='lat' dir='ltr'><strong>in</strong></span> <span class='ocrx_word' id='word_1_143' title='bbox 387 1759 489 1834; x_wconf 88' lang='lat' dir='ltr'><strong>parvis</strong></span> <span class='ocrx_word' id='word_1_144' title='bbox 510 1767 540 1818; x_wconf 91' lang='lat' dir='ltr'><strong>et</strong></span> <span class='ocrx_word' id='word_1_145' title='bbox 559 1758 722 1834; x_wconf 91' lang='lat' dir='ltr'><strong>ingentium</strong></span> <span class='ocrx_word' id='word_1_146' title='bbox 739 1775 839 1818; x_wconf 89' lang='lat' dir='ltr'><strong>rerum</strong></span> <span class='ocrx_word' id='word_1_147' title='bbox 854 1760 1036 1820; x_wconf 89' lang='lat' dir='ltr'><strong>documenta</strong></span> <span class='ocrx_word' id='word_1_148' title='bbox 1050 1764 1080 1821; x_wconf 80' lang='lat' dir='ltr'><strong>in</strong></span> 
     </span>
     <span class='ocr_line' id='line_1_19' title="bbox 114 1840 1112 1918; baseline 0.001 -15"><span class='ocrx_word' id='word_1_149' title='bbox 114 1843 235 1904; x_wconf 86' lang='lat' dir='ltr'><strong>minima</strong></span> <span class='ocrx_word' id='word_1_150' title='bbox 254 1860 367 1918; x_wconf 70' lang='lat' dir='ltr'><strong>capere.</strong></span> <span class='ocrx_word' id='word_1_151' title='bbox 402 1842 519 1903; x_wconf 86' lang='lat' dir='ltr'><strong>Pudeat</strong></span> <span class='ocrx_word' id='word_1_152' title='bbox 537 1842 576 1901; x_wconf 90' lang='lat' dir='ltr'><strong>ab</strong></span> <span class='ocrx_word' id='word_1_153' title='bbox 598 1842 716 1918; x_wconf 86' lang='lat' dir='ltr'><strong>exiguis</strong></span> <span class='ocrx_word' id='word_1_154' title='bbox 738 1843 916 1903; x_wconf 89' lang='lat' dir='ltr'><strong>animalibus</strong></span> <span class='ocrx_word' id='word_1_155' title='bbox 939 1861 999 1904; x_wconf 93' lang='lat' dir='ltr'><strong>non</strong></span> <span class='ocrx_word' id='word_1_156' title='bbox 1022 1840 1112 1904; x_wconf 80' lang='lat' dir='ltr'><strong>tra-4</strong></span> 
     </span>
     <span class='ocr_line' id='line_1_20' title="bbox 112 1925 1080 1999; baseline -0.001 -10"><span class='ocrx_word' id='word_1_157' title='bbox 112 1928 184 1989; x_wconf 91' lang='lat' dir='ltr'><strong>herc</strong></span> <span class='ocrx_word' id='word_1_158' title='bbox 202 1944 318 1999; x_wconf 91' lang='lat' dir='ltr'><strong>mores,</strong></span> <span class='ocrx_word' id='word_1_159' title='bbox 342 1943 410 1987; x_wconf 92' lang='lat' dir='ltr'><strong>cum</strong></span> <span class='ocrx_word' id='word_1_160' title='bbox 424 1933 506 1987; x_wconf 91' lang='lat' dir='ltr'><strong>tanto</strong></span> <span class='ocrx_word' id='word_1_161' title='bbox 518 1925 673 1986; x_wconf 92' lang='lat' dir='ltr'><strong>hominum</strong></span> <span class='ocrx_word' id='word_1_162' title='bbox 684 1926 868 1988; x_wconf 85' lang='lat' dir='ltr'><strong>moderatior</strong></span> <span class='ocrx_word' id='word_1_163' title='bbox 879 1943 950 1988; x_wconf 91' lang='lat' dir='ltr'><strong>esse</strong></span> <span class='ocrx_word' id='word_1_164' title='bbox 961 1927 1080 1988; x_wconf 88' lang='lat' dir='ltr'><strong>animus</strong></span> 
     </span>
     <span class='ocr_line' id='line_1_21' title="bbox 113 2010 1077 2087; baseline 0.001 -17"><span class='ocrx_word' id='word_1_165' title='bbox 113 2012 236 2083; x_wconf 88' lang='lat' dir='ltr'><strong>debeat,</strong></span> <span class='ocrx_word' id='word_1_166' title='bbox 264 2019 377 2087; x_wconf 89' lang='lat' dir='ltr'><strong>quanto</strong></span> <span class='ocrx_word' id='word_1_167' title='bbox 397 2010 606 2071; x_wconf 89' lang='lat' dir='ltr'><strong>vehementius</strong></span> <span class='ocrx_word' id='word_1_168' title='bbox 621 2020 717 2072; x_wconf 87' lang='lat' dir='ltr'><strong>nocet.</strong></span> <span class='ocrx_word' id='word_1_169' title='bbox 754 2011 873 2072; x_wconf 89' lang='lat' dir='ltr'><strong>Utinam</strong></span> <span class='ocrx_word' id='word_1_170' title='bbox 892 2011 1014 2086; x_wconf 89' lang='lat' dir='ltr'><strong>quidem</strong></span> <span class='ocrx_word' id='word_1_171' title='bbox 1029 2027 1077 2072; x_wconf 93' lang='lat' dir='ltr'><strong>ea·</strong></span> 
     </span>
     <span class='ocr_line' id='line_1_22' title="bbox 112 2094 1080 2169; baseline 0.002 -15"><span class='ocrx_word' id='word_1_172' title='bbox 112 2097 181 2155; x_wconf 89' lang='lat' dir='ltr'><strong>dem</strong></span> <span class='ocrx_word' id='word_1_173' title='bbox 200 2095 314 2156; x_wconf 92' lang='lat' dir='ltr'><strong>homini</strong></span> <span class='ocrx_word' id='word_1_174' title='bbox 335 2096 386 2154; x_wconf 90' lang='lat' dir='ltr'><strong>lex</strong></span> <span class='ocrx_word' id='word_1_175' title='bbox 406 2101 504 2166; x_wconf 83' lang='lat' dir='ltr'><strong>esset,</strong></span> <span class='ocrx_word' id='word_1_176' title='bbox 527 2100 561 2154; x_wconf 83' lang='lat' dir='ltr'><strong>at</strong></span> <span class='ocrx_word' id='word_1_177' title='bbox 578 2094 622 2154; x_wconf 89' lang='lat' dir='ltr'><strong>ira</strong></span> <span class='ocrx_word' id='word_1_178' title='bbox 642 2111 710 2155; x_wconf 87' lang='lat' dir='ltr'><strong>cunr</strong></span> <span class='ocrx_word' id='word_1_179' title='bbox 731 2097 790 2154; x_wconf 91' lang='lat' dir='ltr'><strong>telo</strong></span> <span class='ocrx_word' id='word_1_180' title='bbox 812 2112 869 2155; x_wconf 92' lang='lat' dir='ltr'><strong>suo</strong></span> <span class='ocrx_word' id='word_1_181' title='bbox 891 2098 1080 2169; x_wconf 81' lang='lat' dir='ltr'><strong>frangeretur</strong></span> 
     </span>
     <span class='ocr_line' id='line_1_23' title="bbox 112 2178 1077 2255; baseline 0 -17"><span class='ocrx_word' id='word_1_182' title='bbox 112 2196 168 2239; x_wconf 89' lang='lat' dir='ltr'><strong>nec</strong></span> <span class='ocrx_word' id='word_1_183' title='bbox 188 2181 314 2255; x_wconf 91' lang='lat' dir='ltr'><strong>saepius</strong></span> <span class='ocrx_word' id='word_1_184' title='bbox 329 2179 433 2239; x_wconf 93' lang='lat' dir='ltr'><strong>liceret</strong></span> <span class='ocrx_word' id='word_1_185' title='bbox 449 2193 562 2238; x_wconf 89' lang='lat' dir='ltr'><strong>nocere</strong></span> <span class='ocrx_word' id='word_1_186' title='bbox 577 2195 668 2253; x_wconf 87' lang='lat' dir='ltr'><strong>quarn</strong></span> <span class='ocrx_word' id='word_1_187' title='bbox 683 2181 794 2253; x_wconf 87' lang='lat' dir='ltr'><strong>semel,</strong></span> <span class='ocrx_word' id='word_1_188' title='bbox 817 2195 874 2238; x_wconf 92' lang='lat' dir='ltr'><strong>nec</strong></span> <span class='ocrx_word' id='word_1_189' title='bbox 888 2179 995 2238; x_wconf 89' lang='lat' dir='ltr'><strong>alienis</strong></span> <span class='ocrx_word' id='word_1_190' title='bbox 1010 2178 1077 2238; x_wconf 84' lang='lat' dir='ltr'><strong>uiri·</strong></span> 
     </span>
     <span class='ocr_line' id='line_1_24' title="bbox 112 2261 1079 2335; baseline 0 -15"><span class='ocrx_word' id='word_1_191' title='bbox 112 2261 169 2322; x_wconf 91' lang='lat' dir='ltr'><strong>bus</strong></span> <span class='ocrx_word' id='word_1_192' title='bbox 190 2278 335 2324; x_wconf 85' lang='lat' dir='ltr'><strong>exercere</strong></span> <span class='ocrx_word' id='word_1_193' title='bbox 356 2262 441 2322; x_wconf 87' lang='lat' dir='ltr'><strong>odiat</strong></span> <span class='ocrx_word' id='word_1_194' title='bbox 469 2262 557 2321; x_wconf 89' lang='lat' dir='ltr'><strong>facile</strong></span> <span class='ocrx_word' id='word_1_195' title='bbox 579 2262 657 2321; x_wconf 90' lang='lat' dir='ltr'><strong>enim</strong></span> <span class='ocrx_word' id='word_1_196' title='bbox 678 2263 844 2322; x_wconf 88' lang='lat' dir='ltr'><strong>lassaretur</strong></span> <span class='ocrx_word' id='word_1_197' title='bbox 860 2263 958 2331; x_wconf 87' lang='lat' dir='ltr'><strong>furor,</strong></span> <span class='ocrx_word' id='word_1_198' title='bbox 982 2262 1079 2335; x_wconf 90' lang='lat' dir='ltr'><strong>siper</strong></span> 
     </span>
     <span class='ocr_line' id='line_1_25' title="bbox 111 2344 1077 2420; baseline 0 -16"><span class='ocrx_word' id='word_1_199' title='bbox 111 2362 145 2404; x_wconf 87' lang='lat' dir='ltr'><strong>se</strong></span> <span class='ocrx_word' id='word_1_200' title='bbox 166 2345 223 2405; x_wconf 91' lang='lat' dir='ltr'><strong>sibi</strong></span> <span class='ocrx_word' id='word_1_201' title='bbox 244 2345 433 2407; x_wconf 86' lang='lat' dir='ltr'><strong>satisfaceret</strong></span> <span class='ocrx_word' id='word_1_202' title='bbox 449 2346 520 2406; x_wconf 92' lang='lat' dir='ltr'><strong>etsi</strong></span> <span class='ocrx_word' id='word_1_203' title='bbox 535 2344 639 2405; x_wconf 91' lang='lat' dir='ltr'><strong>mortis</strong></span> <span class='ocrx_word' id='word_1_204' title='bbox 655 2346 789 2420; x_wconf 90' lang='lat' dir='ltr'><strong>periculo</strong></span> <span class='ocrx_word' id='word_1_205' title='bbox 804 2346 864 2403; x_wconf 91' lang='lat' dir='ltr'><strong>vim</strong></span> <span class='ocrx_word' id='word_1_206' title='bbox 879 2361 966 2405; x_wconf 90' lang='lat' dir='ltr'><strong>suam</strong></span> <span class='ocrx_word' id='word_1_207' title='bbox 981 2344 1077 2404; x_wconf 88' lang='lat' dir='ltr'><strong>effun-</strong></span> 
     </span>
     <span class='ocr_line' id='line_1_26' title="bbox 111 2427 1108 2504; baseline -0.005 -18"><span class='ocrx_word' id='word_1_208' title='bbox 111 2430 204 2488; x_wconf 88' lang='lat' dir='ltr'><strong>deret.</strong></span> <span class='ocrx_word' id='word_1_209' title='bbox 241 2429 303 2490; x_wconf 93' lang='lat' dir='ltr'><strong>Sed</strong></span> <span class='ocrx_word' id='word_1_210' title='bbox 318 2445 356 2488; x_wconf 91' lang='lat' dir='ltr'><strong>ne</strong></span> <span class='ocrx_word' id='word_1_211' title='bbox 370 2445 451 2489; x_wconf 91' lang='lat' dir='ltr'><strong>nunc</strong></span> <span class='ocrx_word' id='word_1_212' title='bbox 465 2429 588 2504; x_wconf 91' lang='lat' dir='ltr'><strong>quidem</strong></span> <span class='ocrx_word' id='word_1_213' title='bbox 602 2427 644 2487; x_wconf 90' lang='lat' dir='ltr'><strong>illi</strong></span> <span class='ocrx_word' id='word_1_214' title='bbox 659 2445 768 2489; x_wconf 91' lang='lat' dir='ltr'><strong>cursus</strong></span> <span class='ocrx_word' id='word_1_215' title='bbox 782 2435 864 2489; x_wconf 89' lang='lat' dir='ltr'><strong>tutus</strong></span> <span class='ocrx_word' id='word_1_216' title='bbox 880 2436 935 2488; x_wconf 87' lang='lat' dir='ltr'><strong>est.</strong></span> <span class='ocrx_word' id='word_1_217' title='bbox 963 2435 1077 2488; x_wconf 89' lang='lat' dir='ltr'><strong>tantum</strong></span> <span class='ocrx_word' id='word_1_218' title='bbox 1092 2429 1108 2481; x_wconf 83' lang='lat'>5</span> 
     </span>
     <span class='ocr_line' id='line_1_27' title="bbox 74 2510 1077 2586; baseline 0.001 -15"><span class='ocrx_word' id='word_1_219' title='bbox 74 2581 77 2586; x_wconf 11' lang='grc' dir='ltr'><strong><em>ἶ</em></strong></span> <span class='ocrx_word' id='word_1_220' title='bbox 111 2513 190 2571; x_wconf 93' lang='lat' dir='ltr'><strong>enim</strong></span> <span class='ocrx_word' id='word_1_221' title='bbox 201 2528 330 2573; x_wconf 88' lang='lat' dir='ltr'><strong>neeesse</strong></span> <span class='ocrx_word' id='word_1_222' title='bbox 342 2519 388 2571; x_wconf 90' lang='lat' dir='ltr'><strong>est</strong></span> <span class='ocrx_word' id='word_1_223' title='bbox 402 2513 518 2584; x_wconf 89' lang='lat' dir='ltr'><strong>timeat,</strong></span> <span class='ocrx_word' id='word_1_224' title='bbox 538 2518 683 2585; x_wconf 85' lang='lat' dir='ltr'><strong>quantum</strong></span> <span class='ocrx_word' id='word_1_225' title='bbox 694 2511 790 2571; x_wconf 90' lang='lat' dir='ltr'><strong>timeri</strong></span> <span class='ocrx_word' id='word_1_226' title='bbox 802 2510 913 2585; x_wconf 87' lang='lat' dir='ltr'><strong>voluit,</strong></span> <span class='ocrx_word' id='word_1_227' title='bbox 928 2518 958 2572; x_wconf 87' lang='lat' dir='ltr'><strong>et</strong></span> <span class='ocrx_word' id='word_1_228' title='bbox 970 2528 1077 2572; x_wconf 88' lang='lat' dir='ltr'><strong>manus</strong></span> 
     </span>
     <span class='ocr_line' id='line_1_28' title="bbox 110 2597 1076 2671; baseline -0.002 -15"><span class='ocrx_word' id='word_1_229' title='bbox 110 2597 244 2656; x_wconf 92' lang='lat' dir='ltr'><strong>omnium</strong></span> <span class='ocrx_word' id='word_1_230' title='bbox 257 2597 400 2656; x_wconf 88' lang='lat' dir='ltr'><strong>observet</strong></span> <span class='ocrx_word' id='word_1_231' title='bbox 410 2602 441 2656; x_wconf 87' lang='lat' dir='ltr'><strong>ef</strong></span> <span class='ocrx_word' id='word_1_232' title='bbox 452 2611 489 2654; x_wconf 90' lang='lat' dir='ltr'><strong>eo</strong></span> <span class='ocrx_word' id='word_1_233' title='bbox 501 2610 624 2670; x_wconf 89' lang='lat' dir='ltr'><strong>quoque</strong></span> <span class='ocrx_word' id='word_1_234' title='bbox 634 2601 779 2670; x_wconf 85' lang='lat' dir='ltr'><strong>tempore,</strong></span> <span class='ocrx_word' id='word_1_235' title='bbox 789 2613 849 2671; x_wconf 91' lang='lat' dir='ltr'><strong>quo</strong></span> <span class='ocrx_word' id='word_1_236' title='bbox 862 2612 923 2657; x_wconf 92' lang='lat' dir='ltr'><strong>non</strong></span> <span class='ocrx_word' id='word_1_237' title='bbox 931 2601 1076 2670; x_wconf 85' lang='lat' dir='ltr'><strong>captatur,</strong></span> 
     </span>
     <span class='ocr_line' id='line_1_29' title="bbox 111 2677 1075 2756; baseline -0.001 -16"><span class='ocrx_word' id='word_1_238' title='bbox 111 2680 170 2756; x_wconf 91' lang='lat' dir='ltr'><strong>peti</strong></span> <span class='ocrx_word' id='word_1_239' title='bbox 184 2696 220 2741; x_wconf 90' lang='lat' dir='ltr'><strong>se</strong></span> <span class='ocrx_word' id='word_1_240' title='bbox 230 2677 343 2740; x_wconf 89' lang='lat' dir='ltr'><strong>iudicet</strong></span> <span class='ocrx_word' id='word_1_241' title='bbox 353 2681 528 2753; x_wconf 89' lang='lat' dir='ltr'><strong>nullumque</strong></span> <span class='ocrx_word' id='word_1_242' title='bbox 539 2685 721 2739; x_wconf 90' lang='lat' dir='ltr'><strong>momentum</strong></span> <span class='ocrx_word' id='word_1_243' title='bbox 733 2679 856 2740; x_wconf 92' lang='lat' dir='ltr'><strong>inmune</strong></span> <span class='ocrx_word' id='word_1_244' title='bbox 868 2686 974 2739; x_wconf 79' lang='lat' dir='ltr'><strong>amatu</strong></span> <span class='ocrx_word' id='word_1_245' title='bbox 985 2679 1075 2740; x_wconf 90' lang='lat' dir='ltr'><strong>habe-</strong></span> 
     </span>
     <span class='ocr_line' id='line_1_30' title="bbox 109 2761 1076 2839; baseline -0.003 -14"><span class='ocrx_word' id='word_1_246' title='bbox 109 2773 154 2825; x_wconf 74' lang='lat' dir='ltr'><strong>at:</strong></span> <span class='ocrx_word' id='word_1_247' title='bbox 171 2764 250 2824; x_wconf 80' lang='lat' dir='ltr'><strong>hanc</strong></span> <span class='ocrx_word' id='word_1_248' title='bbox 262 2763 372 2839; x_wconf 91' lang='lat' dir='ltr'><strong>aliquis</strong></span> <span class='ocrx_word' id='word_1_249' title='bbox 384 2778 475 2838; x_wconf 89' lang='lat' dir='ltr'><strong>agere</strong></span> <span class='ocrx_word' id='word_1_250' title='bbox 486 2763 577 2822; x_wconf 92' lang='lat' dir='ltr'><strong>vitam</strong></span> <span class='ocrx_word' id='word_1_251' title='bbox 590 2761 728 2836; x_wconf 85' lang='lat' dir='ltr'><strong>sustinet,</strong></span> <span class='ocrx_word' id='word_1_252' title='bbox 744 2779 810 2822; x_wconf 92' lang='lat' dir='ltr'><strong>cum</strong></span> <span class='ocrx_word' id='word_1_253' title='bbox 823 2764 912 2825; x_wconf 91' lang='lat' dir='ltr'><strong>liceat</strong></span> <span class='ocrx_word' id='word_1_254' title='bbox 922 2763 1076 2823; x_wconf 86' lang='lat' dir='ltr'><strong>innoxium</strong></span> 
     </span>
     <span class='ocr_line' id='line_1_31' title="bbox 108 2846 1076 2920; baseline -0.003 -12"><span class='ocrx_word' id='word_1_255' title='bbox 108 2849 192 2919; x_wconf 87' lang='lat' dir='ltr'><strong>aliis,</strong></span> <span class='ocrx_word' id='word_1_256' title='bbox 216 2847 256 2908; x_wconf 94' lang='lat' dir='ltr'><strong>ob</strong></span> <span class='ocrx_word' id='word_1_257' title='bbox 271 2847 331 2907; x_wconf 90' lang='lat' dir='ltr'><strong>hoc</strong></span> <span class='ocrx_word' id='word_1_258' title='bbox 345 2862 487 2907; x_wconf 90' lang='lat' dir='ltr'><strong>securum</strong></span> <span class='ocrx_word' id='word_1_259' title='bbox 501 2847 633 2907; x_wconf 89' lang='lat' dir='ltr'><strong>salutare</strong></span> <span class='ocrx_word' id='word_1_260' title='bbox 648 2847 801 2920; x_wconf 89' lang='lat' dir='ltr'><strong>potentiae</strong></span> <span class='ocrx_word' id='word_1_261' title='bbox 817 2848 865 2908; x_wconf 92' lang='lat' dir='ltr'><strong>ius</strong></span> <span class='ocrx_word' id='word_1_262' title='bbox 879 2846 967 2907; x_wconf 92' lang='lat' dir='ltr'><strong>laetis</strong></span> <span class='ocrx_word' id='word_1_263' title='bbox 982 2847 1076 2907; x_wconf 92' lang='lat' dir='ltr'><strong>omni-</strong></span> 
     </span>
     <span class='ocr_line' id='line_1_32' title="bbox 108 2929 1077 3005; baseline -0.001 -14"><span class='ocrx_word' id='word_1_264' title='bbox 108 2933 166 2992; x_wconf 92' lang='lat' dir='ltr'><strong>bus</strong></span> <span class='ocrx_word' id='word_1_265' title='bbox 187 2938 337 2993; x_wconf 81' lang='lat' dir='ltr'><strong>tractaret</strong></span> <span class='ocrx_word' id='word_1_266' title='bbox 365 2937 446 2991; x_wconf 88' lang='lat' dir='ltr'><strong>errat</strong></span> <span class='ocrx_word' id='word_1_267' title='bbox 465 2930 559 3003; x_wconf 88' lang='lat' dir='ltr'><strong>enim,</strong></span> <span class='ocrx_word' id='word_1_268' title='bbox 586 2929 612 2991; x_wconf 89' lang='lat' dir='ltr'><strong>si</strong></span> <span class='ocrx_word' id='word_1_269' title='bbox 634 2931 702 3005; x_wconf 89' lang='lat' dir='ltr'><strong>quis</strong></span> <span class='ocrx_word' id='word_1_270' title='bbox 724 2930 877 2992; x_wconf 88' lang='lat' dir='ltr'><strong>existimat</strong></span> <span class='ocrx_word' id='word_1_271' title='bbox 898 2938 991 2990; x_wconf 92' lang='lat' dir='ltr'><strong>tutum</strong></span> <span class='ocrx_word' id='word_1_272' title='bbox 1006 2946 1077 2990; x_wconf 91' lang='lat' dir='ltr'><strong>esse</strong></span> 
     </span>
     <span class='ocr_line' id='line_1_33' title="bbox 107 3013 1076 3091; baseline -0.002 -15"><span class='ocrx_word' id='word_1_273' title='bbox 107 3016 148 3076; x_wconf 87' lang='lat' dir='ltr'><strong>ibi</strong></span> <span class='ocrx_word' id='word_1_274' title='bbox 163 3031 274 3091; x_wconf 89' lang='lat' dir='ltr'><strong>regem,</strong></span> <span class='ocrx_word' id='word_1_275' title='bbox 290 3013 341 3075; x_wconf 89' lang='lat' dir='ltr'><strong>ubi</strong></span> <span class='ocrx_word' id='word_1_276' title='bbox 358 3015 431 3075; x_wconf 92' lang='lat' dir='ltr'><strong>nihil</strong></span> <span class='ocrx_word' id='word_1_277' title='bbox 445 3031 463 3074; x_wconf 91' lang='lat' dir='ltr'><strong>a</strong></span> <span class='ocrx_word' id='word_1_278' title='bbox 477 3029 549 3090; x_wconf 90' lang='lat' dir='ltr'><strong>rege</strong></span> <span class='ocrx_word' id='word_1_279' title='bbox 565 3020 668 3087; x_wconf 88' lang='lat' dir='ltr'><strong>tutum,</strong></span> <span class='ocrx_word' id='word_1_280' title='bbox 684 3015 741 3074; x_wconf 91' lang='lat' dir='ltr'><strong>sed</strong></span> <span class='ocrx_word' id='word_1_281' title='bbox 752 3015 901 3075; x_wconf 86' lang='lat' dir='ltr'><strong>securitas</strong></span> <span class='ocrx_word' id='word_1_282' title='bbox 913 3013 1076 3074; x_wconf 81' lang='lat' dir='ltr'><strong>securitate</strong></span> 
     </span>
     <span class='ocr_line' id='line_1_34' title="bbox 106 3097 1108 3174; baseline 0 -14"><span class='ocrx_word' id='word_1_283' title='bbox 106 3107 211 3162; x_wconf 90' lang='lat' dir='ltr'><strong>mutua</strong></span> <span class='ocrx_word' id='word_1_284' title='bbox 231 3099 417 3174; x_wconf 84' lang='lat' dir='ltr'><strong>paciscenda</strong></span> <span class='ocrx_word' id='word_1_285' title='bbox 437 3105 493 3159; x_wconf 74' lang='lat' dir='ltr'><strong>est</strong></span> <span class='ocrx_word' id='word_1_286' title='bbox 527 3099 594 3158; x_wconf 90' lang='lat' dir='ltr'><strong>Non</strong></span> <span class='ocrx_word' id='word_1_287' title='bbox 615 3115 694 3174; x_wconf 92' lang='lat' dir='ltr'><strong>opus</strong></span> <span class='ocrx_word' id='word_1_288' title='bbox 715 3106 763 3160; x_wconf 89' lang='lat' dir='ltr'><strong>est</strong></span> <span class='ocrx_word' id='word_1_289' title='bbox 777 3097 926 3160; x_wconf 89' lang='lat' dir='ltr'><strong>instruere</strong></span> <span class='ocrx_word' id='word_1_290' title='bbox 942 3098 970 3156; x_wconf 90' lang='lat' dir='ltr'><strong>in</strong></span> <span class='ocrx_word' id='word_1_291' title='bbox 986 3099 1108 3160; x_wconf 83' lang='lat' dir='ltr'><strong>allum6</strong></span> 
     </span>
     <span class='ocr_line' id='line_1_35' title="bbox 106 3181 1077 3244; baseline -0.002 0"><span class='ocrx_word' id='word_1_292' title='bbox 106 3184 204 3244; x_wconf 84' lang='lat' dir='ltr'><strong>editas</strong></span> <span class='ocrx_word' id='word_1_293' title='bbox 220 3198 308 3244; x_wconf 89' lang='lat' dir='ltr'><strong>arces</strong></span> <span class='ocrx_word' id='word_1_294' title='bbox 323 3198 379 3242; x_wconf 92' lang='lat' dir='ltr'><strong>nec</strong></span> <span class='ocrx_word' id='word_1_295' title='bbox 395 3183 424 3242; x_wconf 94' lang='lat' dir='ltr'><strong>in</strong></span> <span class='ocrx_word' id='word_1_296' title='bbox 439 3183 624 3243; x_wconf 88' lang='lat' dir='ltr'><strong>adscensum</strong></span> <span class='ocrx_word' id='word_1_297' title='bbox 638 3183 752 3242; x_wconf 85' lang='lat' dir='ltr'><strong>arduos</strong></span> <span class='ocrx_word' id='word_1_298' title='bbox 766 3184 861 3244; x_wconf 92' lang='lat' dir='ltr'><strong>colles</strong></span> <span class='ocrx_word' id='word_1_299' title='bbox 874 3181 1009 3242; x_wconf 90' lang='lat' dir='ltr'><strong>emunire</strong></span> <span class='ocrx_word' id='word_1_300' title='bbox 1020 3197 1077 3242; x_wconf 83' lang='lat' dir='ltr'><strong>nec</strong></span> 
     </span>
     <span class='ocr_line' id='line_1_36' title="bbox 106 3264 1075 3341; baseline -0.001 -14"><span class='ocrx_word' id='word_1_301' title='bbox 106 3271 200 3329; x_wconf 85' lang='lat' dir='ltr'><strong>latera</strong></span> <span class='ocrx_word' id='word_1_302' title='bbox 221 3266 368 3327; x_wconf 89' lang='lat' dir='ltr'><strong>montium</strong></span> <span class='ocrx_word' id='word_1_303' title='bbox 388 3266 564 3339; x_wconf 88' lang='lat' dir='ltr'><strong>abscidere,</strong></span> <span class='ocrx_word' id='word_1_304' title='bbox 586 3266 802 3341; x_wconf 90' lang='lat' dir='ltr'><strong>multiplicibus</strong></span> <span class='ocrx_word' id='word_1_305' title='bbox 824 3283 858 3326; x_wconf 92' lang='lat' dir='ltr'><strong>se</strong></span> <span class='ocrx_word' id='word_1_306' title='bbox 878 3265 972 3325; x_wconf 90' lang='lat' dir='ltr'><strong>muris</strong></span> <span class='ocrx_word' id='word_1_307' title='bbox 988 3264 1075 3326; x_wconf 90' lang='lat' dir='ltr'><strong>turri-</strong></span> 
     </span>
     <span class='ocr_line' id='line_1_37' title="bbox 106 3348 1075 3427; baseline -0.004 -15"><span class='ocrx_word' id='word_1_308' title='bbox 106 3352 227 3427; x_wconf 90' lang='lat' dir='ltr'><strong>busque</strong></span> <span class='ocrx_word' id='word_1_309' title='bbox 249 3351 366 3425; x_wconf 71' lang='lat' dir='ltr'><strong>scplrez</strong></span> <span class='ocrx_word' id='word_1_310' title='bbox 388 3350 506 3411; x_wconf 90' lang='lat' dir='ltr'><strong>salvum</strong></span> <span class='ocrx_word' id='word_1_311' title='bbox 526 3365 628 3424; x_wconf 89' lang='lat' dir='ltr'><strong>regem</strong></span> <span class='ocrx_word' id='word_1_312' title='bbox 649 3348 678 3408; x_wconf 93' lang='lat' dir='ltr'><strong>ln</strong></span> <span class='ocrx_word' id='word_1_313' title='bbox 695 3357 800 3425; x_wconf 89' lang='lat' dir='ltr'><strong>aperto</strong></span> <span class='ocrx_word' id='word_1_314' title='bbox 817 3349 974 3410; x_wconf 90' lang='lat' dir='ltr'><strong>clementia</strong></span> <span class='ocrx_word' id='word_1_315' title='bbox 988 3365 1075 3424; x_wconf 90' lang='lat' dir='ltr'><strong>prae-</strong></span> 
     </span>
     <span class='ocr_line' id='line_1_38' title="bbox 104 3433 1074 3508; baseline -0.005 -12"><span class='ocrx_word' id='word_1_316' title='bbox 104 3435 205 3496; x_wconf 89' lang='lat' dir='ltr'><strong>stabit.</strong></span> <span class='ocrx_word' id='word_1_317' title='bbox 246 3436 345 3496; x_wconf 91' lang='lat' dir='ltr'><strong>Unum</strong></span> <span class='ocrx_word' id='word_1_318' title='bbox 366 3441 414 3494; x_wconf 90' lang='lat' dir='ltr'><strong>est</strong></span> <span class='ocrx_word' id='word_1_319' title='bbox 433 3433 669 3508; x_wconf 88' lang='lat' dir='ltr'><strong>inexpugnabile</strong></span> <span class='ocrx_word' id='word_1_320' title='bbox 689 3433 906 3494; x_wconf 87' lang='lat' dir='ltr'><strong>munimentum</strong></span> <span class='ocrx_word' id='word_1_321' title='bbox 929 3449 1014 3494; x_wconf 88' lang='lat' dir='ltr'><strong>amor</strong></span> <span class='ocrx_word' id='word_1_322' title='bbox 1035 3433 1074 3492; x_wconf 92' lang='lat' dir='ltr'><strong>ci-</strong></span> 
     </span>
     <span class='ocr_line' id='line_1_39' title="bbox 103 3516 1107 3595; baseline 0.002 -17"><span class='ocrx_word' id='word_1_323' title='bbox 103 3520 197 3580; x_wconf 92' lang='lat' dir='ltr'><strong>vium.</strong></span> <span class='ocrx_word' id='word_1_324' title='bbox 231 3519 307 3593; x_wconf 86' lang='lat' dir='ltr'><strong>Quid</strong></span> <span class='ocrx_word' id='word_1_325' title='bbox 322 3518 479 3595; x_wconf 83' lang='lat' dir='ltr'><strong>pulchrius</strong></span> <span class='ocrx_word' id='word_1_326' title='bbox 494 3527 542 3579; x_wconf 88' lang='lat' dir='ltr'><strong>est</strong></span> <span class='ocrx_word' id='word_1_327' title='bbox 556 3533 647 3593; x_wconf 88' lang='lat' dir='ltr'><strong>quarn</strong></span> <span class='ocrx_word' id='word_1_328' title='bbox 660 3517 762 3578; x_wconf 90' lang='lat' dir='ltr'><strong>vivere</strong></span> <span class='ocrx_word' id='word_1_329' title='bbox 774 3516 947 3593; x_wconf 90' lang='lat' dir='ltr'><strong>optantibus</strong></span> <span class='ocrx_word' id='word_1_330' title='bbox 960 3516 1076 3578; x_wconf 89' lang='lat' dir='ltr'><strong>cunctis</strong></span> <span class='ocrx_word' id='word_1_331' title='bbox 1090 3523 1107 3580; x_wconf 87' lang='lat' dir='ltr'><strong>l</strong></span> 
     </span>
    </p>
   </div>
   <div class='ocr_carea' id='block_1_3' title="bbox 0 0 1224 3968">
    <p class='ocr_par' dir='ltr' id='par_1_3' title="bbox 0 0 1224 3968">
     <span class='ocr_line' id='line_1_40' title="bbox 0 0 1224 3968; baseline 0 3"><span class='ocrx_word' id='word_1_332' title='bbox 0 0 1224 3968; x_wconf 95' lang='lat' dir='ltr'><strong> </strong></span> 
     </span>
    </p>
   </div>
  </div>
 </body>
</html>
