2438 3968
195 258 235 320 12
252 258 383 319 sinti.
398 258 684 333 QUAREALIQUA
695 257 928 319 lNCOMMODA
937 255 1050 318 BONIS
1062 257 1173 318 VIRIS

190 427 267 487 pora
281 427 300 470 a
314 411 439 470 ferendo
455 409 530 470 mari
548 410 638 480 dura,
661 409 802 485 agricolis
817 425 926 469 manus
941 409 1042 481 tritae,
1059 409 1099 469 ad
1115 425 1173 469 ex-

191 494 332 554 cutienda
352 495 412 554 tela
426 494 571 554 militares
589 495 692 553 lacerti
708 494 822 565 valent,
843 493 934 568 agilia
949 500 1020 553 sunt
1033 491 1175 554 membra

191 577 385 638 cursoribus:
400 578 431 637 id
446 576 475 637 in
492 592 616 653 quoque
631 576 850 638 solidissimum
865 582 912 636 est
927 577 1010 650 quod
1021 577 1172 637 exercuit.

190 662 230 721 ad
256 662 506 722 contemnendam
531 656 677 720 malorum
701 659 863 734 potentiam
884 659 1001 719 animus
1024 658 1173 734 patientia

191 743 344 820 pervenit,
361 759 440 819 quae
455 743 530 819 quid
544 743 573 803 in
589 742 678 803 nobis
693 743 815 802 efficere
831 743 932 817 possit
951 743 1047 816 scies,
1068 743 1095 803 si
1115 745 1173 804 ad-

192 829 349 904 spexeris,
372 836 517 903 quantum
532 827 704 887 nationibus
720 827 810 886 nudis
830 833 861 885 et
874 825 978 902 inopia
991 826 1172 888 fortioribus

149 901 280 972 141ab0r
299 918 448 987 praestet:
470 927 576 971 omnes
598 912 759 970 considera
780 916 902 985 gentes,
923 911 952 969 in
975 910 1087 985 quibus
1108 911 1171 972 Ro-

190 1011 281 1056 mana
295 1010 356 1070 pax
370 993 489 1067 desinit,
507 995 673 1054 Germanos
689 994 757 1053 dioc
769 1002 799 1053 et
810 993 956 1068 quicquid
967 994 1047 1053 circa
1058 995 1171 1054 Istrum

190 1094 336 1152 vagarum
357 1077 489 1151 gentium
512 1085 662 1138 occursat.
692 1085 839 1151 perpetua
860 1078 928 1136 illos
947 1078 1060 1150 hiems,
1082 1079 1171 1138 triste

191 1162 311 1221 eoelum
330 1161 453 1235 premit,
475 1161 605 1234 maligne
625 1161 724 1221 solum
739 1161 842 1220 sterile
856 1168 1019 1230 sustentat,
1042 1161 1192 1222 imbrem·

191 1246 290 1304 culmo
313 1251 363 1304 aut
383 1244 492 1305 fronde
512 1244 694 1317 defendunt,
715 1259 810 1318 super
828 1244 936 1304 durata
948 1244 1045 1320 glacie
1060 1251 1172 1319 stagna

149 1333 182 1388 tt
191 1328 375 1403 persultant,
391 1327 421 1386 in
437 1327 611 1388 alimentum
626 1329 707 1387 feras
723 1334 855 1401 captant·
876 1328 980 1388 Miseri
994 1327 1047 1387 tibi
1061 1327 1172 1388 viden·

190 1419 258 1474 tunt
279 1411 351 1472 nihil
370 1412 514 1472 miserum
530 1411 677 1487 estquod
695 1411 725 1469 in
741 1417 879 1472 naturam
893 1412 1082 1472 consuetudo
1099 1428 1171 1486 per·

189 1494 284 1556 duxit.
309 1497 451 1570 paulatim
466 1495 545 1554 enim
558 1494 704 1570 voluptati
719 1502 791 1555 sunt
805 1511 885 1570 quae
899 1495 1083 1555 necessitate
1098 1511 1171 1556 coe

189 1586 308 1655 parunt.
337 1581 421 1640 nulla
440 1580 499 1640 illis
522 1578 674 1640 domicilia
696 1579 859 1654 nullaeque
881 1579 974 1638 sedes
996 1584 1082 1651 sunl,
1109 1580 1171 1640 nisi

191 1680 268 1737 quas
292 1664 441 1724 lassitudo
462 1664 493 1722 in
514 1663 595 1722 diem
616 1661 726 1737 posuit.
760 1661 826 1721 vilis
849 1670 879 1722 et
899 1661 948 1722 hic
971 1664 1170 1737 quaerendus

190 1763 281 1807 manu
303 1747 415 1819 victus,
441 1746 594 1806 horrenda
612 1745 755 1820 iniquitas
776 1747 869 1817 coeli,
895 1745 1007 1806 intecta
1026 1761 1170 1822 corpora.

190 1829 248 1889 hoc
265 1830 348 1905 quod
363 1829 416 1890 tibi
427 1831 583 1892 calamitas
595 1830 720 1902 videtur,
735 1835 780 1889 tot
793 1829 926 1903 gentium
936 1830 998 1889 vita
1013 1837 1077 1891 est:
1094 1831 1171 1906 quid

150 1920 181 1975 16
191 1912 310 1974 miraris
329 1913 430 1974 bonos
445 1914 545 1984 viros,
569 1919 602 1971 ut
622 1913 851 1981 confirmentur,
869 1913 1008 1973 concutit
1030 1913 1097 1974 Non
1120 1924 1172 1976 est

190 1997 282 2056 arbor
296 1996 397 2057 solida
411 2011 468 2056 neo
483 1996 586 2068 fortis,
608 1996 666 2055 nisi
686 1996 821 2070 inquam
837 1997 981 2071 frequens
997 2005 1106 2059 ventus
1124 1999 1170 2057 in·

191 2087 303 2140 cursat.
326 2080 395 2156 ipsa
416 2081 494 2151 epirn
508 2079 673 2140 vexatione
694 2079 909 2154 constringitur
923 2087 952 2140 et
966 2082 1086 2141 radices
1102 2096 1170 2142 cer-

189 2164 249 2224 tius
272 2163 344 2238 figit.
375 2161 499 2238 fragiles
522 2170 594 2224 sunt
613 2178 692 2239 quae
712 2163 742 2221 in
763 2162 868 2238 aprica
891 2165 969 2224 valle
992 2174 1169 2226 creverunt:

190 2263 246 2322 pro
269 2245 346 2322 ipsis
367 2263 440 2321 ergo
461 2247 551 2307 bonis
573 2244 645 2307 viris
666 2254 727 2318 est,
750 2254 784 2307 ut
803 2264 875 2309 esse
895 2247 1020 2308 interriti
1037 2250 1169 2323 possint,

189 2332 314 2392 multum
336 2329 415 2392 inter
440 2331 638 2392 formidolosa
658 2331 774 2390 versari
794 2340 826 2393 et
843 2348 942 2407 aequo
966 2333 1066 2391 animo
1088 2334 1171 2393 ferre

189 2431 269 2491 quae
285 2431 346 2474 non
362 2421 433 2476 sunt
446 2415 526 2474 mala
541 2415 599 2475 nisi
614 2417 692 2474 male
707 2416 877 2476 sustinenti.

162 2512 176 2563 1
252 2500 289 2557 V.
312 2499 433 2559 Adice
452 2513 566 2569 nuno,
584 2499 685 2574 quod
707 2515 773 2574 pro
795 2499 970 2560 omnibus
992 2501 1169 2575 estopti·

190 2598 283 2643 mum
299 2597 500 2658 quemque,
521 2583 628 2643 utita
649 2582 786 2655 dicam,
807 2584 976 2643 militare
997 2590 1033 2643 et
1053 2584 1170 2644 edere

190 2681 340 2741 operas.
372 2666 439 2727 Hoc
465 2672 513 2726 est
535 2667 726 2743 propositum
748 2669 807 2728 deo
830 2668 912 2743 quod
938 2665 1068 2742 sapienti
1090 2667 1170 2740 viro,

191 2750 353 2810 ostendere
368 2750 445 2809 haec
456 2765 536 2823 quae
548 2753 655 2826 volgus
667 2752 796 2826 adpetit,
814 2766 892 2827 quae
906 2751 1097 2824 reformidat,
1110 2767 1169 2813 nec

189 2835 271 2894 bona
285 2848 357 2893 esse
371 2848 429 2893 nec
442 2835 530 2893 mala.
557 2833 749 2911 adparebunt
761 2842 861 2896 autem
876 2835 958 2895 bona
972 2851 1057 2908 esse,
1076 2835 1104 2895 si
1118 2836 1170 2895 ilfa

189 2934 250 2978 non
266 2917 324 2977 nisi
338 2917 427 2978 bonis
439 2916 513 2978 viris
528 2917 679 2993 tribuerit,
695 2927 725 2980 et
739 2920 817 2978 mala
831 2935 917 2994 esse,
933 2917 961 2980 si
977 2925 1090 2979 tantum
1104 2935 1168 2978 ma·

160 3001 226 3064 alis
241 3000 436 3076 inrogaverit.
464 3002 659 3063 Detestabilis
674 3003 731 3064 erit
745 3002 891 3077 caecitas,
912 3004 1043 3065 sinemo
1059 3003 1169 3063 ocutos

189 3084 370 3161 perdiderit,
387 3085 445 3146 nisi
461 3085 509 3146 cui
525 3088 650 3147 eruendi
665 3094 750 3147 sunt:
765 3085 869 3161 itaque
884 3094 1007 3148 careant
1021 3088 1089 3148 luce
1103 3086 1168 3161 Ap

188 3168 258 3244 pius
275 3177 304 3229 et
314 3168 463 3230 Metellus.
491 3187 553 3231 non
569 3177 641 3231 sunt
654 3170 776 3232 divitiae
789 3169 918 3230 bonum=
940 3171 1043 3246 itaque
1058 3169 1170 3231 habeat

188 3253 256 3312 illas
273 3260 303 3312 et
316 3250 400 3314 Elius
415 3253 504 3325 lenc,
520 3262 554 3315 ut
566 3253 705 3314 homines
722 3253 895 3329 pecuniam,
917 3270 984 3314 cum
999 3255 1029 3314 in
1044 3256 1168 3328 templis

189 3337 451 3412 consecraverint,
473 3337 597 3398 videant
611 3345 642 3398 et
659 3337 688 3396 in
706 3337 830 3399 fornice.
864 3339 946 3399 nullo
962 3339 1054 3400 modo
1068 3339 1168 3412 magis

189 3426 291 3495 potest
305 3420 381 3483 deus
397 3421 559 3496 concupita
573 3422 745 3494 traducere,
762 3438 853 3496 quam
868 3421 895 3482 si
910 3423 960 3482 illa
974 3423 1014 3483 ad
1027 3423 1168 3490 turpissi-

158 3512 255 3566 smos
273 3505 379 3576 defert,
395 3504 434 3564 ab
449 3505 571 3581 optimis
587 3504 689 3582 abigit.
712 3508 773 3581 „At
787 3506 922 3583 iniquum
938 3513 986 3568 est
999 3506 1095 3568 virum
1111 3507 1168 3567 bo·

72 3652 195 3742 ἢ
