2454 3982
389 495 422 574 l.
444 493 583 576 lllllll
605 492 774 575 tilloit

252 643 618 742 ltlnlttottlttlll
650 644 819 737 illinit
850 643 914 736 tlt.

470 834 513 882 Al)
530 831 688 884 NOVATUM

449 951 470 1015 lt
505 951 526 1016 ll
589 951 602 1015 l
636 951 660 1015 n
695 950 717 1014 l

521 1069 616 1119 urana
635 1072 653 1120 r.

515 1195 654 1204 *-

162 1325 185 1384 Ι.
213 1285 357 1399 Exegisti
371 1340 390 1383 a
405 1339 468 1398 me,
488 1325 619 1398 Novate,
641 1334 673 1385 ut
694 1324 859 1386 scriberem
881 1329 1103 1402 quemadmot

96 1409 172 1471 (lum
197 1415 305 1484 posset
329 1408 374 1467 ira
399 1408 501 1480 leniri,
534 1425 590 1468 nec
610 1409 747 1470 inmerito
768 1410 840 1469 mihi
861 1409 974 1470 videris
996 1412 1076 1471 hunc

97 1493 265 1570 praecipue
280 1492 431 1552 adiectum
452 1490 646 1567 pertimuisse
668 1494 798 1553 maxime
819 1509 858 1553 ex
878 1493 1018 1555 omnibus
1034 1503 1075 1555 te-

98 1585 179 1639 trum
192 1593 230 1637 ac
244 1575 393 1636 rabidum.
430 1576 539 1637 ceteris
560 1578 638 1637 enim
658 1577 772 1651 aliquid
795 1578 888 1651 quieti
903 1578 1076 1656 placidique

98 1661 194 1736 inest,
209 1661 260 1721 liic
274 1667 356 1721 totus
372 1661 540 1721 concitatus
558 1668 588 1721 et
601 1660 632 1720 in
647 1661 753 1736 inpetu
767 1670 815 1723 est
829 1661 960 1736 doloris,
977 1679 1074 1722 armo-

99 1762 181 1820 rum,
195 1745 371 1820 sanguinis,
385 1744 605 1820 suppliciorum
625 1746 745 1805 minime
759 1746 891 1806 humana
905 1748 1008 1806 furens
1023 1765 1074 1808 cu-

101 1829 240 1905 piditate,
262 1829 333 1888 dum
349 1827 435 1889 alteri
449 1835 567 1900 noceat,
583 1829 610 1888 si
626 1831 806 1905 neglegens,
821 1830 852 1888 in
867 1829 936 1906 ipsa
951 1832 1074 1892 inruens

100 1914 159 1974 tela
172 1920 203 1973 et
216 1912 341 1974 ultionis
356 1928 462 1974 secum
484 1915 610 1973 ultorem
626 1920 776 1974 tracturae
792 1915 910 1975 avidus.
948 1914 1074 1988 Quidam
1087 1922 1103 1973 2

101 1996 203 2073 itaque
223 2013 263 2057 ex
283 1997 474 2072 sapientibus
496 1996 567 2056 viris
588 1995 663 2057 iram
686 1998 828 2058 dixerunt
847 1999 971 2059 brevem
992 2000 1073 2060 insa-

100 2080 189 2143 niam.
211 2096 311 2156 aeque
330 2080 410 2140 enim
425 2081 566 2155 inpotens
582 2081 630 2140 sui
644 2089 700 2155 est,
716 2081 835 2143 decoris
853 2083 954 2156 oblita,
969 2098 1075 2144 neces·

102 2164 264 2226 sittrdinum
284 2165 444 2236 inmemor,
467 2164 497 2224 in
519 2165 603 2239 quod
623 2166 725 2240 coepit
746 2167 883 2240 pertinax
904 2175 934 2226 et
953 2168 1074 2242 intenta,
1142 2231 1145 2237 ,

102 2249 207 2311 rationi
222 2249 420 2324 consiliisque
435 2250 606 2322 praeclusa,
620 2251 708 2309 vanis
723 2250 834 2324 agitata
848 2251 958 2323 causis,
975 2250 1015 2310 ad
1030 2250 1073 2308 di-

73 2360 81 2373 ff
104 2340 238 2409 spectum
263 2332 356 2408 aequi
381 2333 508 2406 verique
525 2332 681 2407 inhabilis,
701 2334 796 2394 ruinis
812 2333 975 2406 simillima,
994 2349 1073 2408 quae

10 2452 16 2482 .·
104 2431 192 2494 super
214 2416 247 2477 id
275 2418 359 2493 quod
384 2432 569 2492 oppressere
590 2418 776 2492 franguntur.
812 2418 852 2478 Ut
872 2418 952 2477 scias
975 2424 1102 2481 autema

10 2526 20 2566 a
104 2516 161 2562 non
172 2516 354 2566 essesanos
370 2517 449 2577 quos
464 2501 510 2561 ira
524 2502 677 2576 possedit,
693 2501 795 2576 ipsum
806 2501 926 2561 illorum
941 2501 1073 2562 habitum

10 2621 23 2632 -
105 2583 224 2647 intuere.
259 2602 329 2646 nam
350 2592 384 2646 ut
404 2584 563 2646 furentium
581 2593 664 2646 certa
682 2584 794 2646 indicia
812 2592 897 2658 sunt,
923 2586 1024 2646 audax
1044 2594 1074 2647 et

106 2667 200 2730 minax
212 2671 332 2744 voltus,
353 2669 448 2730 tristis
470 2669 569 2743 frons,
590 2676 676 2731 torva
696 2669 805 2743 iacies,
826 2669 934 2729 citatus
950 2671 1072 2744 gradus,
1123 2742 1125 2748 Ι
1177 2686 1180 2693 ·

106 2752 252 2830 inquietae
278 2769 403 2827 manus,
429 2753 515 2813 color
528 2768 654 2826 versus,
681 2752 787 2813 crebra
811 2760 841 2813 et
864 2753 1072 2814 vehementius

82 2892 87 2901 .
107 2843 166 2899 tcta
179 2836 329 2912 suspiria,
345 2835 388 2898 ita
400 2837 596 2897 irascentium
609 2837 716 2896 eadem
731 2838 819 2912 signa
830 2844 913 2897 sunt:
944 2836 1100 2912 flagranti

108 2935 138 2982 ac
160 2921 273 2983 micant
295 2921 391 2996 oculi,
415 2922 526 2982 multus
547 2937 600 2982 ore
621 2928 683 2982 toto
703 2921 798 2982 rubor
817 2927 1014 2981 exaestuante
1035 2919 1072 2980 ab

108 3003 166 3068 inis
180 3006 369 3084 praecordiis
384 3005 541 3080 sanguine.
576 3005 661 3065 labra
675 3005 862 3081 quatiuntur,
878 3005 985 3065 dentes
1001 3019 1073 3064 eon—

110 3089 275 3166 primuntur,
290 3089 415 3152 horrent
428 3105 464 3149 ac
478 3089 673 3164 subriguntur
688 3089 796 3163 capilli,
810 3085 935 3164 spiritus
947 3095 1071 3149 coactus

111 3176 299 3249 maidens,
314 3174 507 3236 articulorum
521 3190 556 3234 se
570 3175 657 3248 ipsos
672 3172 876 3249 torquentium
892 3189 1003 3245 sonus,
1019 3187 1072 3247 gc·

110 3257 187 3341 uitus
210 3258 408 3336 mugitusque
432 3264 463 3320 et
488 3274 595 3333 parum
621 3257 791 3332 explanatis
817 3257 945 3317 vocibus
971 3272 1072 3317 sermo

90 3358 96 3367 ·
114 3351 283 3420 praeruptus
299 3350 329 3406 et
342 3344 509 3419 conplosae
523 3342 648 3418 saepius
663 3358 769 3402 manus
785 3349 815 3402 et
829 3342 949 3416 pulsata
962 3341 1072 3402 humus

114 3426 227 3498 pedibus
243 3435 274 3488 et
287 3426 384 3489 totum'
398 3427 549 3488 concitum
565 3441 678 3501 corpus
692 3441 882 3501 magnasque
898 3425 960 3485 irae
975 3425 1072 3485 minas

867 3509 906 3569 3*
