2438 3968
10 184 20 217 h

10 222 22 319 i
287 242 338 304 nu
354 242 570 304 CLEMENTIA
592 242 664 305 tra.
680 243 716 301 ιι.
738 249 834 304 ι-ι,
976 242 1040 308 303

10 324 21 365 ι

10 376 24 463 ἶ
71 398 128 459 sed
144 397 293 473 proderit,
323 395 529 455 incommune
548 393 694 453 auxilium
715 398 804 451 natus
827 408 863 452 ac
885 394 1038 468 publicum

10 478 25 545 i
70 482 201 556 bonum,
231 496 271 540 ex
300 496 362 556 quo
383 478 466 538 dabit
486 479 596 552 cuique
622 477 870 551 partem-eriam
896 478 936 537 ad
959 479 1038 540 cala·

13 584 24 611 ι
70 565 200 627 mitosos
215 581 272 641 pro
287 564 426 641 portione
441 561 650 636 inprobandos
671 566 702 621 et
721 561 931 620 emendandos
951 561 1037 623 boni·

10 614 26 755 }
69 656 161 710 tatem
173 665 259 709 suam
270 647 430 725 permittet.
410 643 585 710 tadiliatis
596 660 670 705 vero
686 652 716 703 et
727 644 817 705 sortis
830 648 941 720 [culpo]
954 647 1038 707 labo-

10 788 18 797 .
70 733 310 794 rantibusmulto
326 729 466 790 libentius
485 728 651 790 subveniet
681 728 822 802 quotiens
839 729 962 804 poterit,
978 731 1037 790 lor·

10 838 21 867 -:
70 824 162 877 tunae
175 816 354 878 intercedet
376 813 427 873 ubi
443 814 522 873 enim
544 812 655 888 opibus
671 813 771 887 polius
786 819 885 872 utetur
899 821 951 873 aut
967 813 1037 874 viri-

23 962 26 969 ,
69 901 129 960 bus
147 916 238 976 quam
253 900 293 958 ad
307 897 494 958 restituenda
509 912 588 972 quae
603 912 695 956 casus
705 896 834 971 inpulit?
845 898 960 957 voltum
972 899 1038 973 qui·

14 992 24 1017 *
70 984 139 1043 dent
153 1000 215 1044 non
231 981 343 1043 deiciet
356 997 413 1041 nec
427 982 559 1042 animum
575 981 614 1040 ob
630 995 700 1039 crus
714 980 841 1040 alicuius
856 981 973 1040 aridum
988 989 1040 1043 aut

69 1083 241 1143 pannosam
256 1066 384 1126 maciem
403 1072 434 1124 et
449 1065 582 1125 innixam
603 1064 712 1125 baculo
733 1071 935 1125 senectutem:
958 1073 1037 1126 cete·

67 1167 136 1211 rum
151 1150 292 1212 omnibus
308 1149 408 1225 dignis
427 1148 563 1225 proderit
582 1155 613 1208 et
633 1149 760 1208 deorum
782 1164 867 1208 more
886 1149 1037 1210 calamito-

70 1251 125 1295 sos
142 1233 292 1310 propitius
306 1233 457 1308 respiciet.
488 1232 697 1293 Misericordia
709 1232 808 1292 vicina
823 1239 870 1292 est
884 1232 1068 1294 miseriae=4

67 1318 162 1379 habet
175 1318 254 1378 enim
269 1317 383 1392 aliquid
398 1316 550 1392 trahitque
561 1332 600 1376 ex
612 1332 658 1376 ea.
680 1315 836 1375 inbecilles
848 1315 955 1376 oculos
967 1332 1038 1379 esse

68 1402 168 1477 scias,
192 1399 244 1478 qui
258 1402 297 1462 ad
315 1401 443 1460 alienam
459 1402 667 1476 lippitudinem
682 1407 713 1460 et
725 1400 784 1474 ipsi
803 1400 1036 1474 subtenduntur,
1143 1460 1146 1465 ι

67 1493 130 1547 tam
141 1486 313 1547 mehercule
325 1501 415 1560 quam
429 1486 566 1545 morbum
581 1500 666 1559 esse,
683 1501 743 1544 non
756 1483 943 1558 hilaritatem,
959 1500 1036 1545 sem-

69 1585 127 1646 per
159 1568 300 1630 adridere
330 1568 498 1628 ridentibus
530 1576 561 1628 et
589 1569 627 1628 ad
661 1568 794 1628 omniurn
828 1567 1037 1629 oscitationem

68 1654 171 1729 ipsum
187 1669 311 1729 quoque
329 1669 364 1713 os
377 1653 537 1712 diducere=
559 1649 768 1713 misericordia
790 1650 892 1711 vitium
909 1660 957 1713 est
973 1652 1036 1711 ani·

68 1753 188 1798 morum
202 1737 290 1797 nimis
302 1734 424 1797 miseria
439 1735 627 1810 paventium,
643 1736 772 1810 quamsi
784 1735 852 1810 quis
865 1752 884 1796 a
899 1736 1037 1812 sapiente

69 1819 177 1896 exigit,
200 1836 298 1897 prope
310 1827 371 1890 est,
395 1826 429 1879 ut
448 1819 687 1880 lamentationem
711 1820 812 1894 exigat
828 1827 858 1880 et
876 1820 905 1879 in
930 1820 1036 1881 alienis

69 1904 227 1964 funeribus
242 1903 381 1979 gemitus.

130 1987 195 2049 VII.
220 1989 272 2061 [At
287 2003 381 2063 quare
395 2004 454 2048 non
470 1987 627 2062 ignoscet?
658 1994 798 2061 vacuum]
819 1989 867 2050 co
877 1988 1064 2050 nstitua·t

69 2087 150 2131 mus
166 2086 263 2132 nunc
280 2088 448 2147 quoque,
468 2071 559 2146 quid
575 2072 625 2131 sit
640 2073 768 2146 venia,
785 2069 1037 2132 etsciemusdari

70 2155 183 2214 illama
198 2156 335 2231 sapiente
350 2171 410 2216 non
430 2155 551 2215 debere.
587 2155 686 2215 Venia
706 2164 753 2217 est
775 2173 892 2230 poenae
913 2153 1037 2214 meritae

10 2252 16 2317 ι
71 2238 223 2298 remissio.
245 2240 332 2300 Hanc
350 2240 475 2315 sapiens
491 2255 585 2314 quare
600 2255 661 2299 non
676 2240 787 2299 debeat
801 2241 889 2311 dare,
905 2238 1038 2297 reddunt

69 2320 218 2380 rationem
233 2322 361 2396 diutim,
378 2324 489 2397 quibus
504 2323 563 2384 hoe
575 2322 766 2398 propositum
778 2330 839 2383 est:
856 2339 912 2396 ego
925 2330 957 2382 ut
968 2321 1035 2381 bre·

69 2404 148 2463 viter
164 2410 315 2479 tamquam
330 2405 359 2464 in
376 2407 474 2466 alieno
486 2406 598 2465 iudicio
611 2407 725 2465 dicam:
745 2405 780 2464 Ei
796 2405 970 2479 ignoscitur,
984 2405 1036 2479 qui

50 2512 53 2517 ’
72 2487 171 2564 puniri
186 2488 298 2548 debuit.
328 2489 452 2564 sapiens
468 2496 567 2548 autern
582 2489 654 2547 nihil
677 2489 747 2549 lacit
762 2489 844 2563 quod
860 2506 919 2549 non
936 2490 1034 2559 debet,

70 2571 143 2630 nihil
156 2572 371 2646 praetermittit,
387 2574 470 2647 quod
480 2572 584 2633 debet=
603 2573 705 2647 itaque
718 2587 856 2647 poenam,
871 2589 961 2648 quarn
973 2573 1035 2633 exi·

69 2671 143 2731 gere
157 2655 256 2728 debet,
273 2673 332 2717 non
348 2658 451 2717 donat.
477 2655 531 2715 sed
545 2656 617 2716 illud
634 2657 717 2732 quod
733 2673 770 2716 ex
787 2657 875 2716 venia
886 2656 1065 2731 consequia

71 2739 134 2810 vis,
150 2739 324 2801 honestiore
341 2741 392 2801 tibi
410 2741 458 2800 via
472 2740 588 2800 tribuit:
611 2741 707 2816 parcit
718 2741 796 2799 enim
813 2740 947 2816 sapiens
963 2756 1034 2800 oon·

69 2823 141 2882 sulit
154 2829 183 2882 et
197 2824 328 2899 corrigit.
351 2825 432 2883 idem
444 2824 514 2884 iacit
526 2826 624 2900 quod,
640 2825 666 2885 si
682 2825 863 2899 ignosceret,
880 2841 936 2885 neo
949 2825 1033 2898 igno-

69 2905 141 2978 scit,
175 2908 316 2980 quoniam
346 2908 397 2982 qui
422 2907 567 2984 ignoscit,
600 2910 709 2970 latetur
738 2907 854 2984 aliquid
882 2926 917 2970 se
950 2909 1033 2983 quod

67 2989 135 3049 fieri
150 2990 254 3051 debuit
269 2992 420 3052 omisisse.
447 2992 704 3066 Aliquernverbis
718 3000 832 3054 tantum
849 2992 1032 3064 admonebit,

69 3088 169 3148 poena
189 3090 250 3134 non
277 3076 399 3136 adficiet
421 3085 547 3136 aetatem
573 3077 637 3136 eius
664 3077 883 3137 emendabilem
903 3077 1033 3136 intuens.

68 3156 201 3229 aliquem
215 3158 328 3219 invidia
344 3159 475 3219 oriminis
490 3162 647 3220 tnnnileste
662 3161 850 3221 laborantem
864 3160 978 3220 iubebit
989 3162 1032 3219 in·

68 3237 218 3302 columem
234 3258 319 3315 esse,
349 3245 418 3318 quia
440 3245 585 3318 deceptus
606 3252 667 3318 est,
697 3246 768 3320 quia
792 3261 847 3320 per
867 3246 969 3304 vinum
990 3245 1033 3304 la-

68 3339 155 3397 psus.
184 3327 289 3388 hostes
312 3328 437 3387 dimittet
457 3329 576 3400 salroS,
598 3330 762 3402 aliquando
777 3330 865 3388 etiarn
884 3329 1033 3402 laudatae,

67 3407 95 3466 si
110 3407 246 3471 honestis
263 3413 364 3471 causis
388 3429 442 3486 pro
459 3413 532 3482 fide,
551 3430 603 3485 prro
618 3415 756 3487 loedere,
773 3430 828 3489 pro
847 3415 982 3474 libertate
1002 3412 1031 3471 in

65 3491 179 3552 bellurn
193 3496 279 3554 acciti
295 3503 375 3556 sunt.
403 3496 485 3554 Haec
498 3497 598 3555 omnin
613 3514 671 3556 non
691 3499 811 3572 reniae,
834 3500 890 3558 sed
902 3500 1062 3558 clemen-3
