2438 3968
109 280 163 338 ΑΙ)
171 277 350 336 HELVIAM
359 277 581 336 MATREMDE
590 276 890 337 CONSOLATIONE.
904 287 945 340 15.
954 285 995 340 16.
1017 275 1079 341 255

110 447 201 506 quam
217 435 380 488 exuerunt:
404 435 466 487 ate
481 429 550 503 plns
563 426 728 502 exigitvita
739 426 776 487 ab
787 427 868 488 initio
882 429 994 489 lortior.
1017 447 1079 491 non

110 520 212 591 potest
231 512 386 572 muliebris
409 513 566 590 excusatio
587 512 762 586 contingere
783 510 826 585 ei,
848 527 867 570 a
892 528 952 586 qua
978 514 1079 575 omnia

108 596 267 657 muliebria
281 596 353 654 vitia
367 596 515 656 afuerunt.
544 595 609 654 Non
625 601 654 654 te
668 594 833 654 maximum
848 595 944 655 seculi
959 599 1106 674 malum,3

108 680 300 757 inpudicitia,
315 680 345 738 in
360 694 518 739 numerum
531 679 658 753 plurium
670 677 806 738 adduxit.
826 689 1077 755 nongemmaete,

107 782 170 825 non
181 763 362 838 margaritae
373 762 533 823 flexemnt.
556 778 617 822 non
629 762 683 821 tibi
694 761 906 823 divitiaevelut
915 763 1078 825 maximum

107 846 230 923 generis
251 847 374 907 humani
388 847 502 906 bonum
516 846 709 906 refulserunt.
742 862 804 906 non
819 854 863 918 te,
886 846 964 906 bene
978 845 1011 906 in
1024 862 1077 907 an-

107 933 192 1007 tiqua
208 939 238 992 et
251 946 359 990 severa
373 930 537 990 institutam
552 930 659 1003 domo,
676 929 849 1005 periculosa
866 930 955 990 etiam
972 932 1077 1006 probis

108 1015 247 1095 peiorum
263 1013 389 1073 detorsit
404 1014 538 1073 imitatio.
564 1030 727 1097 numquam
745 1021 775 1075 te
790 1012 982 1074 fecunditatis
996 1022 1077 1090 tuae,

108 1100 196 1174 quasi
212 1098 412 1172 exprobraret
426 1104 568 1170 aetatem,
589 1096 705 1173 puduit.
729 1114 894 1174 numquam
908 1115 993 1159 more
1005 1097 1077 1159 alia·

106 1200 188 1253 rum,
214 1182 324 1257 quibus
346 1181 444 1242 omnis
466 1181 687 1243 commendatio
707 1196 747 1241 ex
766 1183 864 1242 lorma
884 1182 1008 1256 petitur,
1031 1190 1077 1244 tu-

106 1273 293 1326 mescentem
307 1272 426 1326 uterum
441 1265 631 1326 abscondisti
646 1266 735 1340 quasi
749 1265 895 1325 indecens
911 1282 1004 1340 onus,
1020 1282 1078 1327 nec

105 1351 181 1410 intra
198 1351 316 1409 viscera
336 1357 387 1411 tua
409 1356 575 1424 conceptas
592 1365 664 1425 spes
680 1348 845 1411 liberorum
860 1347 976 1410 elisisti.
1010 1349 1106 1411 Nono

107 1435 215 1494 faciem
237 1433 391 1493 coloribus
413 1448 449 1493 ac
473 1432 632 1493 lenociniis
657 1432 800 1507 polluisti.
834 1449 1000 1507 numquam
1024 1434 1078 1494 tibi

106 1518 221 1592 placuit
237 1518 346 1590 vestis,
368 1532 446 1591 quae
465 1516 539 1576 nihil
554 1517 683 1592 amplius
698 1517 839 1588 nudaret,
863 1532 931 1576 eum
948 1533 1076 1592 ponere·

105 1609 169 1662 tur:
190 1601 312 1660 unicum
323 1601 375 1660 tibi
387 1607 594 1661 ornamentum
607 1598 807 1674 pulcherrima
818 1607 847 1660 et
858 1601 930 1660 nulli
943 1599 1076 1661 obnoxia

106 1684 197 1743 aetati
216 1685 331 1753 torma,
358 1685 521 1744 maximum
542 1684 637 1744 decus
658 1682 726 1743 visa
746 1691 793 1745 est
817 1684 971 1758 pudicitia.
1009 1685 1103 1746 Nono

107 1775 195 1843 potes
219 1767 322 1842 itaque
346 1769 386 1827 ad
413 1767 609 1827 obtinendum
634 1767 771 1827 dolorem
798 1767 944 1829 muliebre
964 1785 1075 1829 nomen

107 1851 321 1926 praetendere,
343 1867 383 1910 ex
398 1867 458 1927 quo
474 1858 504 1910 te
519 1852 643 1912 virtutes
659 1858 728 1911 tuae
743 1851 939 1912 seduxerunt.
962 1859 1075 1913 tantum

106 1935 201 1994 debes
223 1951 242 1993 a
262 1934 438 1995 seminarum
458 1935 591 1995 lacrimis
615 1935 745 2006 abesse,
774 1942 917 2011 quantum
941 1954 961 1996 o
985 1937 1074 1998 vitiis.

105 2019 149 2077 Ne
164 2017 294 2103 feminae
307 2018 429 2094 quidem
443 2026 472 2078 te
488 2019 588 2079 sinent
600 2018 790 2079 intabescere
803 2018 922 2080 volneri
936 2026 1002 2093 tuo,
1018 2022 1074 2080 sed

106 2102 166 2161 leni
187 2120 225 2164 ae
245 2102 421 2162 necessario
442 2118 583 2163 moerore
598 2103 656 2162 cito
672 2103 843 2163 defunctam
861 2103 1007 2164 iubebunt
1021 2120 1074 2163 ex-

106 2201 245 2260 surgere,
269 2186 295 2245 si
316 2185 408 2247 modo
430 2187 497 2246 illas
517 2187 625 2247 intueri
639 2188 726 2247 voles
741 2187 883 2259 leminas,
908 2203 985 2261 quas
1001 2203 1073 2248 con·

105 2276 213 2344 specta
233 2269 329 2330 virtus
350 2270 427 2329 inter
446 2286 574 2345 magnos
594 2270 678 2331 viros
701 2270 811 2345 posuit.
850 2269 1018 2330 Corneliam
1036 2279 1102 2334 exo

106 2353 267 2412 duodecim
281 2353 383 2413 liberis
398 2355 437 2413 ad
453 2354 530 2414 duos
545 2354 665 2414 fortuna
679 2354 847 2428 redegerat.
873 2355 899 2412 si
915 2370 1074 2413 numerare

105 2438 214 2495 lunera
234 2436 390 2497 Corneliae
415 2438 523 2512 velles,
545 2438 688 2497 amiserat
708 2437 829 2495 decem:
859 2437 885 2496 si
903 2437 1071 2512 aestimare,

106 2519 249 2579 amiserat
264 2519 428 2581 Gracchos.
448 2519 591 2580 flentibus
605 2527 705 2580 tamen
721 2519 802 2579 circa
816 2535 851 2580 se
862 2528 892 2580 et
902 2521 995 2581 latum
1007 2523 1072 2582 eius

106 2601 338 2663 exsecrantibus
353 2603 520 2676 interdixit,
542 2619 601 2677 „ne
615 2604 765 2664 lortunam
780 2612 975 2678 accusarent,
995 2621 1073 2679 quae

107 2685 165 2747 sibi
179 2686 259 2747 filios
277 2687 430 2748 Gracchos
445 2688 611 2747 dedissem
643 2686 690 2745 Ex
704 2687 762 2747 hac
778 2688 888 2747 lemine
902 2688 1007 2748 debuit
1019 2705 1071 2747 na·

106 2770 166 2845 sci,
190 2770 242 2845 qui
263 2769 378 2830 diceret
397 2771 427 2829 in
445 2769 606 2832 concione=
642 2771 686 2831 Tu
704 2774 796 2831 matri
806 2788 889 2832 meae
902 2773 1070 2846 maledicas,

105 2872 182 2930 quae
201 2871 247 2915 me
262 2851 402 2930 peperit?
431 2853 525 2916 Multo
544 2855 616 2915 mihi
630 2870 691 2914 vox
706 2855 810 2914 matris
823 2854 944 2917 videtur
957 2855 1071 2915 animo·

106 2938 181 2999 sior=
200 2937 280 2998 lilius
292 2954 404 3013 magno
415 2938 584 3000 aestimavit
591 2939 793 2998 Gracchorum
804 2940 929 3014 natales,
942 2947 1036 3000 mater
1043 2947 1073 2999 et

106 3023 221 3081 lunera.
242 3021 353 3082 Rutilia
361 3021 474 3082 Cottam
486 3021 580 3082 illium
592 3030 699 3083 secuta
709 3030 757 3082 est
767 3024 797 3082 in
805 3022 963 3084 exiliumet
971 3023 1099 3097 usquei

77 3132 78 3135 ¹
105 3119 143 3164 eo
159 3103 214 3164 luit
226 3104 413 3179 indulgentia
425 3104 602 3177 constricta,
618 3107 761 3166 utmallet
771 3106 893 3166 exilium
904 3106 967 3182 pati
980 3123 1071 3182 quam

106 3187 305 3261 desiderium,
335 3205 393 3248 nec
414 3195 483 3250 ante
503 3189 533 3248 in
553 3189 680 3264 patriam
696 3206 787 3265 quam
801 3205 869 3248 cunr
889 3189 951 3250 filio
971 3187 1070 3250 rediit.

104 3271 251 3332 Eumdem
265 3272 323 3331 iam
339 3273 482 3332 reducem
498 3280 529 3333 et
548 3274 578 3332 in
591 3272 747 3348 republica
761 3272 919 3334 florentem
934 3280 993 3334 tam
1010 3274 1071 3334 lor-

105 3355 173 3415 riter
187 3356 286 3416 amisit
301 3373 391 3431 quarn
406 3362 511 3416 secuta
525 3365 580 3418 est.
603 3372 659 3417 nee
675 3357 836 3432 quisquam
851 3357 991 3417 lacrimas
1004 3358 1070 3418 eius

105 3445 177 3513 post
191 3441 300 3500 elatum
315 3439 409 3500 lilium
423 3440 547 3500 notavit.
579 3441 613 3499 ln
628 3441 759 3516 expulso
774 3440 913 3500 virtutem
928 3441 1068 3513 ostendit,

103 3524 134 3581 in
149 3522 263 3583 amisso
282 3523 486 3598 prudentiam=
506 3540 575 3583 nam
589 3530 619 3584 et
635 3522 708 3583 nihil
723 3524 802 3583 illam
817 3541 834 3583 a
848 3525 958 3599 pietate
970 3525 1067 3585 deter-
