2438 3968
126 200 189 263 216
326 201 357 259 L.
380 200 525 260 ANNAEl
547 199 722 262 SENECAE
737 203 839 263 nixi.
853 204 890 263 X.

127 357 195 417 dam
212 360 242 415 et
255 355 344 414 altius
360 354 398 412 de
412 359 441 413 te
455 352 653 429 promiseras.
674 354 739 414 Non
756 355 885 416 deerunt
898 364 929 416 et
944 356 1097 432 frugalita-

127 440 165 499 tis
187 443 313 499 exactae
335 435 473 497 homines
496 444 525 496 el
538 437 712 498 laboriosae
726 454 850 514 operae.
882 443 1098 516 tantcaptiora

127 521 327 599 exportandis
352 520 496 581 oneribus
520 521 607 581 tarda
631 522 764 583 iumenta
785 530 856 582 sunt
870 539 962 599 quam
975 526 1098 586 nobiles

127 607 207 682 equi,
224 621 352 682 querum
363 619 544 680 generosam
557 605 762 680 pernicitatem
775 608 843 682 quis
856 624 999 682 umquam
1010 609 1098 683 gravi

98 691 248 752 tsarcina
263 689 395 767 pressus
417 687 520 764 Cogita
536 696 708 763 praeterea,
723 697 867 764 quantum
882 691 1098 753 sollicitudinis

127 774 167 835 sit
188 775 227 835 ad
247 781 358 834 tonum
373 780 403 834 te
418 774 527 832 molem
543 773 679 833 obicere:
696 790 764 834 curn
777 782 881 835 ventre
896 774 949 834 tibi
963 775 1096 836 humano

126 859 280 935 negotium
296 864 352 918 est.
380 856 600 917 decretionem
615 857 726 931 patitur
740 873 797 917 nec
814 859 964 932 aequitate
979 861 1097 934 mitiga·

126 950 174 1004 tur
189 957 246 1002 nec
260 940 321 1002 ulla
336 955 427 1016 prece
438 939 568 1000 llectitur
580 943 713 1015 populus
725 943 874 1002 esuriens.
896 943 990 1003 lllodo
1003 945 1096 1003 modo

125 1027 204 1087 intra
223 1040 342 1101 paucos
356 1025 425 1083 illos
440 1024 521 1097 dies,
548 1024 659 1100 quibus
676 1026 707 1085 C.
723 1026 836 1086 Caesar
851 1025 955 1101 periit,
983 1029 1095 1102 siquis

125 1109 231 1172 inieris
247 1125 359 1169 sensus
374 1114 435 1179 est,
457 1106 516 1168 hoc
530 1107 710 1182 gravissime
726 1110 845 1182 terena,
862 1111 947 1184 quod
961 1111 1093 1171 decede-

125 1194 179 1256 bat
203 1195 318 1268 populo
341 1193 478 1252 Romano
505 1193 684 1266 superstite,
710 1201 827 1267 septem
853 1201 905 1253 aut
926 1201 997 1254 octo
1014 1203 1097 1254 certe

126 1278 244 1338 dierum
260 1276 374 1337 cibaria
388 1283 575 1350 superesset
590 1277 660 1336 dum
675 1275 726 1338 ille
738 1287 847 1352 pontes
859 1276 989 1338 navibus
1001 1279 1098 1354 iungit

127 1369 157 1423 et
171 1361 286 1422 viribus
303 1360 409 1435 imperi
425 1360 513 1433 ludit,
528 1360 634 1419 aderat
647 1361 781 1421 ultimum
796 1363 943 1421 maiorum
955 1361 1097 1423 obsessis

127 1462 268 1522 quoque,
285 1445 494 1505 alimentorum
510 1451 642 1518 egestas.
664 1445 755 1505 exitio
771 1461 868 1520 paene
884 1461 920 1505 ac
931 1447 1013 1506 lame
1024 1461 1096 1506 con·

127 1531 200 1591 stitit
221 1537 262 1604 ει,
291 1545 370 1604 quae
385 1529 494 1588 iamem
508 1528 660 1604 sequitur,
685 1545 787 1589 rerum
803 1530 934 1589 omnium
947 1529 1038 1590 ruina
1051 1530 1096 1590 lu-

99 1614 201 1675 briosi
216 1621 247 1673 et
260 1614 376 1673 externi
392 1620 422 1672 et
435 1613 593 1673 infeliciter
607 1613 731 1687 superbi
745 1615 827 1689 regis
843 1612 978 1673 limitatio.
1002 1613 1097 1688 Quem

127 1708 199 1760 tunc
224 1699 356 1757 animum
381 1697 554 1756 habuerunt
579 1695 635 1768 illi,
662 1696 774 1771 quibus
794 1705 859 1757 erat
876 1698 1019 1757 mandata
1036 1700 1097 1758 lru-

127 1781 219 1841 menti
234 1781 348 1855 publici
362 1788 456 1839 curat
471 1797 555 1852 saxa,
572 1782 693 1853 serrum,
709 1781 804 1855 ignes,
822 1782 924 1841 Caium
938 1783 1098 1857 excepturi

128 1880 247 1925 summa
264 1862 504 1924 dissimulatione
524 1871 639 1924 tantum
660 1867 736 1924 inter
754 1866 873 1925 viscera
888 1866 1009 1924 latentis
1025 1867 1097 1925 mali

128 1948 284 2023 tegebant,
301 1963 368 2006 cum
383 1947 500 2008 ratione
515 1947 639 2009 scilicet.
671 1949 820 2022 quaedam
835 1949 915 2008 enirn
931 1949 1098 2024 ignoranti·

128 2033 185 2093 hus
202 2031 301 2105 aegris
318 2031 453 2091 curanda
467 2039 552 2092 sunt=
568 2048 663 2092 causo
676 2033 776 2093 multis
791 2032 940 2092 moriendi
952 2033 1008 2093 luit
1019 2050 1099 2094 mor-

126 2118 198 2177 bum
212 2132 302 2175 suum
316 2131 420 2175 nosse.

100 2213 115 2263 l
188 2201 265 2260 XIX.
288 2199 402 2272 Recipe
417 2207 445 2260 te
461 2201 500 2259 ad
515 2199 591 2259 haee
604 2201 821 2275 tranquilliora,
839 2200 957 2274 tutiora,
969 2201 1097 2262 maiora.

129 2285 232 2346 Simile
251 2292 284 2344 tu
306 2291 393 2357 putas
409 2299 493 2353 esse,
520 2291 619 2343 ulrum
637 2300 742 2356 cures,
767 2292 800 2344 ut
814 2284 1021 2360 incorruptum
1036 2294 1099 2346 eta

128 2368 236 2429 fraude
251 2367 462 2427 advehentium
479 2375 509 2427 et
520 2384 538 2427 a
549 2368 740 2443 neglegentia
750 2369 932 2429 frumentum
944 2371 1097 2429 transiun-

129 2453 259 2513 daturin
275 2452 401 2526 horreo,
421 2468 458 2511 ne
474 2462 622 2527 concepto
638 2454 765 2512 humore
779 2453 899 2512 vitietur
912 2461 943 2513 et
957 2453 1097 2514 concale-

129 2543 203 2610 scat,
220 2545 252 2596 ut
266 2537 305 2596 ad
319 2551 491 2596 mensuram
508 2538 693 2611 pondusque
707 2537 902 2611 respondeat„
919 2553 957 2596 an
968 2537 1008 2596 ad
1019 2536 1098 2596 haec

130 2635 217 2679 saera
232 2627 262 2680 et
277 2619 416 2679 sublimia
431 2621 563 2680 accedas
578 2621 725 2693 sciturus²
745 2635 824 2694 quoe
839 2621 966 2681 materia
980 2619 1022 2681 sit
1036 2620 1094 2691 dis,

130 2719 209 2777 quae
227 2704 377 2777 voluptas,
395 2720 473 2778 quae
487 2703 635 2775 condicio,
653 2720 732 2778 quae
748 2705 864 2764 lormol
879 2704 947 2778 quis
963 2704 1097 2764 animum

128 2795 212 2847 tuum
235 2802 325 2846 casus
341 2794 513 2862 exspectet,
534 2787 587 2847 ubi
601 2804 658 2848 nos
674 2797 703 2847 et
718 2805 735 2847 a
750 2787 933 2862 corporibus
949 2787 1102 2850 dimissos.

128 2878 236 2931 natura
252 2878 425 2945 conponat?
452 2870 524 2945 quid
540 2871 579 2931 sit
593 2873 677 2947 quod
691 2871 781 2932 huius
796 2872 900 2931 mundi
914 2871 1098 2946 gravissima

130 2970 271 3031 quaeque
291 2955 321 3013 in
342 2955 442 3016 medio
463 2953 625 3028 sustineat,
652 2971 747 3029 supra
763 2957 841 3015 levia
857 2955 1042 3030 suspendat,
1066 2955 1097 3013 in

129 3055 280 3102 summum
295 3039 394 3113 ignem
409 3040 499 3113 ferat,
515 3039 617 3099 sidera
631 3038 748 3099 vicibus
764 3040 829 3101 suis
844 3040 975 3100 excitet?
995 3046 1098 3099 cetera

97 3132 114 3184 ι
129 3123 276 3198 deinceps
298 3123 469 3197 ingentibus
491 3124 581 3198 plena
595 3123 756 3183 miraculis.
786 3122 842 3183 Vis
860 3131 891 3183 tu
905 3123 1011 3183 relicto
1027 3121 1097 3183 solo

129 3215 228 3266 mente
242 3207 280 3267 ad
298 3207 355 3268 ista
369 3207 545 3281 respiceret
561 3223 651 3279 nunc,
667 3207 739 3266 dum
751 3208 829 3266 calet
841 3208 976 3282 sanguis,
992 3207 1097 3282 vigen-

129 3290 209 3351 tibus
224 3292 263 3350 ad
278 3291 404 3351 meliora
418 3291 548 3351 eundum
565 3299 619 3351 est.
642 3292 809 3365 Exspectat
824 3298 853 3351 te
868 3291 898 3349 in
913 3290 973 3350 hoe
983 3305 1098 3366 genere

131 3372 209 3433 vitae
223 3374 347 3435 multum
361 3374 508 3436 bonarum
525 3376 640 3448 ortium,
657 3391 741 3435 amor
752 3376 892 3436 virtutum
905 3383 997 3448 atque
1010 3390 1097 3445 usus,

130 3456 326 3532 cupiditatum
350 3458 477 3530 oblivio,
502 3460 625 3519 vivendi
647 3475 683 3519 ac
697 3459 846 3519 moriendi
865 3458 1009 3522 scientia.
1036 3457 1097 3516 ulta
