2438 3968
230 223 331 283 nint.
350 222 401 306 rv.
435 223 486 285 nx
508 225 576 284 raa
596 225 669 284 cra.
691 227 726 284 11.
749 235 881 289 n--ra
999 227 1043 293 oc

60 377 272 438 minuendam:
293 383 357 438 tota
372 377 544 450 dimittatur,
559 378 632 436 nihil
646 379 806 453 protutura
819 387 876 440 est.
909 381 976 441 sine
988 383 1041 442 illa

59 459 180 522 facilins
205 461 381 537 rectiusque
405 463 524 522 scelera
547 464 703 534 tollentur,
729 463 800 522 nrali
826 465 988 538 punientur
1010 476 1041 527 et

59 546 296 606 transducentur
310 547 338 604 iu
360 546 480 606 melius.
512 544 620 604 Omnia
633 562 715 620 quae
729 546 821 606 dehet
833 549 958 622 sapiens
970 551 1040 608 sine

58 630 152 690 ullius
170 631 271 689 malac
297 629 342 689 rei
367 628 532 690 ministerio
557 629 669 689 alliciet
693 629 827 705 nihilque
852 631 1039 706 admiscebit,

60 714 148 775 cuius
163 713 288 773 modum
300 714 462 774 sollicitius
478 713 630 773 observet.

124 797 203 856 xlv.
235 797 405 872 Numquam
421 797 523 871 itaque
538 796 695 856 iracundia
710 796 894 857 admittenda
907 807 971 874 est,
986 801 1066 861 aiil

60 881 185 955 quando
198 880 380 954 simulanda,
397 880 423 940 si
439 895 550 954 segnes
564 880 750 940 audientium
762 880 853 940 animi
862 883 1036 942 concitandi

59 973 146 1038 sunt,
168 963 247 1023 sicut
261 965 348 1025 tarde
361 971 584 1038 consurgentes
600 965 638 1022 ad
654 980 775 1024 cursum
790 981 890 1040 equos
907 968 1036 1027 stimulis

59 1049 241 1122 facibusque
252 1047 381 1108 subditis
395 1048 571 1107 excitamus.
599 1047 764 1123 aliqnando
782 1050 973 1110 incutiendus
988 1062 1038 1110 est

57 1131 97 1193 iis
112 1139 209 1192 metus
225 1131 305 1206 apud
322 1149 401 1206 quos
415 1133 491 1192 ratio
506 1147 568 1190 non
584 1133 718 1206 prolicit=
733 1133 823 1193 irasci
839 1135 960 1209 quidem
976 1151 1034 1194 non

58 1216 155 1291 magis
169 1216 242 1276 utile
256 1222 304 1275 est
320 1232 409 1291 quarn
426 1231 571 1290 moerere,
584 1234 674 1291 quarn
686 1224 829 1277 metuere.
854 1216 930 1291 Quid
942 1227 1066 1293 ergoet

58 1317 121 1361 non
137 1300 274 1360 incidunt
288 1315 400 1359 causae
412 1317 494 1374 quae
508 1299 583 1358 iram
599 1302 773 1360 lacessant?
803 1302 858 1360 sed
881 1310 952 1361 tune
973 1319 1034 1361 rna-

57 1384 139 1443 xime
154 1382 197 1442 illi
213 1383 417 1458 opponendae
437 1400 545 1442 manus
566 1391 645 1443 sunt.
677 1399 735 1442 nec
757 1393 806 1444 est
825 1384 950 1444 difficile
971 1388 1034 1443 vin-

58 1481 130 1527 cere
145 1467 285 1538 animum,
301 1482 372 1526 cunr
384 1467 517 1526 athletae
533 1482 657 1542 quoque
672 1465 703 1526 in
716 1467 865 1526 vilissima
881 1468 930 1528 sui
945 1475 1035 1543 parte

58 1550 200 1625 occupati
214 1559 314 1610 tamen
336 1550 413 1609 ictus
429 1550 614 1624 doloresque
628 1550 795 1624 patiantur,
819 1558 852 1609 ut
869 1550 948 1611 vires
963 1567 1019 1610 cae

58 1634 158 1694 dentis
174 1631 369 1707 exhauriant,
395 1648 452 1692 nec
467 1649 534 1693 curn
550 1634 594 1692 ira
608 1635 732 1706 suadet,
753 1633 877 1707 leniunt,
894 1638 1032 1695 sedeunt

57 1718 192 1778 occasio.
232 1716 381 1794 Pyrrhum
406 1715 569 1776 maximum
595 1724 826 1793 praeceptorem
860 1720 1063 1784 certaminist

57 1800 194 1878 gymnici
211 1802 332 1861 solitum
348 1800 431 1860 aiunt
445 1801 482 1860 iis
499 1817 578 1876 quos
593 1802 769 1872 exercebat,
785 1802 977 1877 praecipere,
993 1820 1032 1862 nc

57 1887 270 1945 irascerentur.
301 1883 346 1944 ira
363 1884 442 1944 enim
458 1886 613 1959 perturbat
626 1893 719 1945 ancta
731 1893 764 1945 et
779 1903 839 1959 qua
847 1895 958 1946 noceat
968 1894 1032 1946 tan·

58 1981 119 2029 tum
136 1967 276 2044 adspicit.
315 1983 411 2044 saepe
431 1970 533 2043 itaque
546 1970 622 2029 ratio
646 1968 819 2044 patientiam
840 1971 963 2046 suadet,
986 1972 1033 2030 ira

55 2051 235 2127 vindictam,
257 2059 287 2112 et
303 2053 357 2128 qui
373 2052 477 2127 primis
493 2053 616 2126 delungi
631 2053 716 2112 malis
732 2052 900 2128 potuimus,
924 2055 952 2112 in
969 2071 1030 2112 rna-

56 2138 122 2197 iora
144 2137 341 2197 devolvimur.
376 2138 529 2211 Quosdam
550 2137 640 2197 unius
661 2136 745 2195 verbi
764 2139 948 2198 contumelia
966 2144 1061 2198 nont

54 2235 157 2296 aequo
172 2221 272 2280 animo
286 2222 348 2280 iata
360 2221 393 2279 ln
413 2221 535 2280 exilium
548 2221 686 2294 proiecit.
718 2227 751 2280 et
773 2222 823 2296 qni
838 2223 936 2280 levem
954 2222 1030 2280 inin-

53 2306 130 2364 riam
157 2304 277 2367 silentio
303 2305 383 2363 lcrre
407 2305 581 2374 noluerant,
606 2304 793 2380 gravissimis
819 2306 906 2364 malis
931 2306 1029 2364 obruti

54 2396 142 2461 sunt,
167 2386 374 2464 indignatique
393 2388 506 2464 aliquid
528 2404 566 2446 cx
587 2387 765 2464 plenissima
784 2389 921 2447 libertate
934 2388 1029 2446 demi-

53 2472 116 2545 nui,
131 2473 242 2531 servile
255 2473 285 2532 in
299 2487 372 2531 sese
387 2473 584 2532 adtraxerunt
598 2472 710 2546 iugum.

116 2555 181 2615 XV.
207 2556 266 2630 „Ut
280 2556 371 2629 scias,
388 2555 492 2633 inquit,
508 2557 581 2614 iram
597 2556 710 2614 hahere
723 2555 754 2614 in
771 2571 805 2614 se
822 2555 965 2629 generosi
978 2555 1057 2613 ati—t

54 2639 137 2714 qnid,
155 2639 267 2700 liberas
282 2640 401 2699 iidehis
416 2645 625 2715 gentesque
639 2639 890 2698 iracundissimae
905 2645 986 2709 sunt,
998 2646 1030 2698 ut

52 2723 222 2795 Germanos
237 2733 267 2784 et
281 2722 445 2801 Scythas.“
478 2724 561 2799 qnod
582 2724 697 2796 evcnit,
719 2722 791 2798 quia
812 2719 901 2781 tortia
915 2722 1027 2782 solida-

52 2823 114 2882 que
125 2815 232 2868 natura
246 2807 376 2883 ingenia,
392 2813 553 2882 antequam
568 2807 917 2881 disciplinamolliantur‚
930 2821 1028 2880 prona

51 2893 81 2951 in
100 2889 174 2951 iram
197 2899 277 2952 sunt.
313 2892 463 2966 quaedam
484 2891 563 2950 enim
583 2906 644 2949 non
666 2889 725 2950 nisi
744 2890 920 2949 melioribus
941 2891 1027 2948 inna-

50 2983 179 3036 scuntur
203 2974 348 3050 ingeniis,
370 2974 452 3034 ’sicut
474 2974 576 3034 valida
594 2975 719 3034 arbusta
739 2981 769 3032 et
789 2974 865 3033 taeta
885 2972 1026 3049 quamvis

49 3060 190 3134 neglecta
205 3060 295 3120 tellus
311 3065 407 3132 creat,
421 3067 453 3119 ct
466 3058 526 3118 alia
538 3059 662 3117 lecundi
677 3058 735 3117 soli
750 3058 828 3116 silva
841 3064 903 3116 est:
923 3056 1055 3131 itaquel

49 3152 81 3203 et
96 3143 216 3219 ingenia
231 3151 338 3202 natura
354 3143 442 3202 sortia
454 3142 642 3202 iracundiam
661 3143 759 3202 lerant
779 3141 915 3215 nihilque
936 3148 1027 3200 tenne

49 3236 81 3288 et
95 3229 174 3286 exile
190 3227 315 3304 capiunt
327 3229 416 3302 ignea
432 3234 461 3287 et
474 3227 608 3299 fervida,
630 3226 686 3286 sed
708 3226 892 3300 inperfectus
908 3225 966 3283 illis
982 3225 1025 3283 xi·

48 3328 109 3385 gor
122 3318 178 3386 est,
193 3320 227 3372 ut
241 3311 391 3383 omnibus
409 3327 487 3386 quae
503 3309 569 3370 sine
584 3316 646 3370 arte
661 3309 759 3384 ipsius
774 3316 889 3369 tantum
898 3317 1024 3368 naturae

48 3397 131 3456 bono
147 3403 324 3471 exsurgunt.
358 3394 415 3454 sed
436 3395 494 3454 nisi
509 3395 568 3454 cito
585 3393 697 3453 domita
713 3401 797 3467 sunt,
815 3408 894 3468 quae
909 3393 1023 3452 tortitu-

48 3481 113 3540 dini
125 3487 196 3555 apla
207 3486 300 3548 erant,
314 3479 461 3539 aud-aciae
468 3478 687 3553 temeritatique
698 3484 914 3537 consuescunt
929 3476 1054 3552 quidus
