2438 3968
192 252 251 316 120
377 252 409 313 L.
431 251 578 312 ANNAEl
601 251 775 311 SENECAE
799 252 899 312 blut.
920 253 971 312 Vl.

157 410 293 482 altaque
319 421 379 466 non
407 404 564 477 estquod
592 420 649 463 nos
679 405 882 480 suspiciamus
907 414 1061 483 tamquam
1085 407 1166 470 inter

186 497 292 553 nostra
306 487 413 564 positi:
435 495 540 548 mutua
554 489 739 562 accepimus.
771 505 845 548 usus
862 491 1043 566 fructusque
1057 502 1166 554 noster

186 583 248 649 est,
271 573 356 633 cuius
372 579 493 646 tempus
508 572 558 631 ille
579 572 690 632 arbiter
704 573 838 633 muueris
854 574 901 633 sui
917 581 1082 650 temperata
1104 594 1165 639 uos

188 664 308 736 oportet
327 657 357 716 in
382 662 525 730 promptu
545 654 658 715 habere
682 671 761 730 quae
782 656 812 714 in
834 657 982 718 incertum
997 658 1079 719 diem
1091 663 1167 722 data

144 777 145 780 π
186 751 270 814 sunt,
290 749 320 802 et
331 740 503 815 adpellatos
520 739 586 799 sine
602 740 726 813 querela
740 740 880 800 reddere.
904 742 1030 816 pessimi
1046 743 1163 805 debito·

157 830 228 896 aris
245 832 294 888 est
307 824 449 885 creditori
470 825 571 884 iacere
592 823 772 884 convicium.
802 823 914 886 Omnes
938 841 1012 901 ergo
1027 836 1166 901 nostros,

187 920 216 973 et
232 926 309 985 quos
325 908 506 983 superstites
520 910 589 981 lego
605 907 753 968 nascendi
776 916 918 984 optamus
932 917 962 969 ει
977 927 1059 985 quos
1072 929 1164 987 prae·

187 997 297 1056 cedere
317 992 516 1053 iustissimum
535 991 674 1066 ipsorum
688 1000 792 1052 votum
806 1000 868 1064 est,
891 992 936 1052 sic
951 1010 1055 1055 amare
1069 996 1163 1056 debe·

185 1096 263 1149 mus,
279 1086 433 1150 tamquam
448 1075 521 1135 nihil
536 1074 624 1135 nobis
640 1076 679 1134 de
697 1077 912 1151 perpetuitate,
928 1075 1019 1139 immo
1035 1079 1111 1139 nihil
1126 1081 1166 1138 de

71 1219 74 1224 .
186 1162 379 1223 diuturnitate
405 1175 512 1220 eorum
537 1160 723 1234 promissum
749 1161 797 1220 sit.
829 1175 924 1234 saepe
949 1162 1164 1223 admonendus

187 1255 235 1308 est
248 1246 382 1318 unimus,
405 1250 485 1305 amet
499 1251 532 1304 ut
545 1259 723 1317 recessura,
741 1243 832 1305 immo
847 1251 1001 1320 tamquam
1015 1248 1164 1307 receden-

186 1333 237 1394 tia.
272 1327 418 1404 quicquid
439 1345 458 1388 a
478 1328 598 1389 fortuna
613 1329 715 1388 datum
732 1335 794 1403 est,
819 1336 973 1404 tamquam
988 1339 1166 1406 exemptum

158 1423 313 1480 tauctore
332 1413 506 1488 possideas.
539 1412 647 1487 Rapite
667 1427 707 1471 ex
726 1412 830 1473 liberis
852 1415 1040 1488 voluptates,
1060 1415 1162 1475 fruen-

188 1500 246 1562 dos
267 1515 324 1561 vos
346 1497 476 1557 invicem
496 1495 600 1557 liberis
616 1497 686 1556 date
701 1504 731 1556 et
745 1495 812 1557 sine
827 1497 971 1558 dilatione
986 1514 1078 1560 omne
1091 1515 1163 1573 gau-

188 1583 271 1643 dium
286 1583 415 1643 haurite.
445 1581 517 1641 nihil
533 1583 572 1640 de
586 1578 734 1641 hodierna
750 1590 839 1642 noete
853 1580 1046 1655 promittitur.
1074 1583 1166 1643 uirnis

186 1683 328 1742 magnam
342 1665 575 1726 advocationem
591 1665 677 1725 dedi:
696 1665 768 1724 nihil
783 1666 822 1725 de
836 1665 894 1725 hac
908 1664 994 1725 hora.
1018 1666 1164 1728 testinan-

188 1751 260 1811 dum
281 1759 336 1811 est.
369 1747 496 1810 instatur
516 1766 535 1808 a
553 1758 654 1823 tergo:
675 1749 734 1808 iarn
750 1747 907 1810 disicietur
921 1750 979 1810 iste
993 1752 1163 1824 comitatus,

187 1834 245 1893 iam
267 1833 464 1894 contubernia
484 1833 543 1892 ista
563 1835 683 1893 sublato
704 1834 836 1895 clamore
858 1834 1024 1894 solventur.
1055 1836 1165 1911 rapina

159 1926 289 1977 ererum
305 1916 437 1976 omnium
453 1924 514 1977 est=
537 1917 639 1976 miseri
660 1917 783 1976 nescitis
802 1919 873 1992 luga
889 1918 1001 1977 vivere.
1037 1917 1071 1978 Si
1085 1935 1163 1979 mor·

188 2009 271 2061 tuum
293 2001 346 2060 tibi
368 1999 460 2058 lilium
477 2001 578 2072 doles,
600 2001 666 2060 eius
682 2003 828 2074 temporis
844 2018 904 2075 quo
920 2009 1087 2075 natusest,
1110 2002 1164 2061 cri-

189 2101 257 2145 men
278 2093 333 2145 εει.
365 2100 448 2144 mors
463 2085 542 2144 euim
557 2082 599 2143 illi
614 2084 789 2147 denuntiata
804 2087 941 2146 nascenti
956 2093 1012 2146 est.
1038 2085 1069 2145 in
1086 2087 1164 2146 hauc

188 2172 286 2244 legem
307 2176 406 2229 natus.
437 2168 496 2229 hoc
516 2167 599 2227 illum
615 2168 708 2229 iatum
723 2170 761 2229 ab
776 2179 861 2230 utero
877 2170 977 2230 statim
992 2185 1163 2246 proseque-

160 2254 285 2314 6balur.
317 2254 350 2312 ln
374 2268 502 2327 regnum
524 2253 662 2312 fortunae
683 2262 713 2313 et
732 2254 854 2328 quidem
875 2254 984 2314 duram
1005 2260 1101 2329 atque
1120 2257 1162 2312 in·

189 2337 301 2399 victum
325 2337 538 2413 pervenimus,
564 2336 643 2397 illius
668 2337 791 2398 arbitrio
813 2337 1017 2412 dignamque
1039 2337 1165 2413 indigna

188 2422 320 2498 passuri.
365 2421 548 2496 corporibus
579 2420 692 2481 nostris
717 2421 904 2496 inpotenter,
934 2421 1163 2496 contumeliose,

189 2507 351 2567 crudeliter
371 2506 524 2566 abutetur:
546 2504 623 2564 alios
643 2502 764 2578 ignibus
784 2511 908 2580 peruret
922 2507 969 2565 vel
984 2504 1014 2564 in
1030 2521 1166 2580 poenam

189 2590 318 2650 admotis
341 2591 391 2649 vel
416 2589 447 2649 in
473 2589 650 2650 remedium.
683 2590 759 2651 alios
780 2588 905 2648 vincieta
929 2588 962 2649 id
981 2604 1063 2649 nunc
1084 2586 1165 2650 hosti

189 2673 304 2746 licebit,
328 2690 409 2735 nunc
424 2674 493 2734 civi.
527 2672 604 2733 alios
620 2689 676 2747 per
690 2673 804 2734 incerta
819 2675 919 2734 nudos
934 2673 1029 2733 maria
1041 2671 1166 2734 iactabit

189 2765 218 2817 et
238 2758 367 2818 luctatos
388 2773 456 2817 cum
478 2756 622 2817 fluctibus
642 2771 680 2815 ne
701 2756 730 2817 in
746 2772 868 2816 arenam
884 2756 1006 2832 quidem
1021 2763 1075 2817 aut
1094 2757 1164 2816 litus

189 2842 342 2915 explodet,
358 2843 413 2901 sed
428 2840 459 2900 in
475 2839 602 2901 alicuius
615 2841 771 2901 inmensae
783 2848 916 2900 ventrem
929 2840 1038 2900 beluae
1050 2841 1163 2902 decon-

188 2927 247 2985 det.
286 2925 363 2986 alios
388 2927 563 2987 morborum
588 2924 681 2984 variis
705 2925 868 2999 generibus
895 2930 1088 2985 emaceratos
1112 2925 1165 2983 diu

188 3011 266 3070 inter
280 3009 371 3071 vitam
385 3015 575 3084 mortemque
590 3009 708 3069 medios
724 3008 878 3069 detinebit.
907 3016 939 3069 ut
953 3008 1038 3068 varia
1052 3014 1083 3067 et
1099 3007 1164 3067 libi·

189 3094 298 3155 dinosa
323 3092 607 3168 mancipiorumque
637 3108 763 3152 suorum
795 3095 960 3167 neglegens
986 3091 1110 3153 domina
1135 3097 1166 3151 et

189 3177 296 3252 poenis
311 3184 342 3237 et
355 3177 531 3236 muneribus
548 3176 669 3236 errabit.

162 3272 175 3323 t
271 3261 320 3320 ΧΙ.
350 3259 427 3334 Quid
447 3277 526 3337 opus
548 3267 596 3322 est
615 3268 719 3335 partes
743 3259 880 3320 dederet
906 3269 991 3322 tota
1012 3258 1165 3320 flebilis

187 3344 266 3404 vita
285 3341 357 3404 est.
385 3346 536 3419 urgebunt
558 3360 638 3406 nova
653 3344 854 3416 incommoda,
877 3345 1060 3420 priusquam
1081 3349 1165 3402 vete-

188 3428 271 3488 ribus
290 3429 486 3488 satisfeceris.
515 3429 733 3488 moderandum
746 3435 793 3488 est
807 3427 910 3503 itaque
921 3427 1011 3488 vobis
1022 3426 1164 3497 maxime,

189 3529 268 3588 quae
283 3512 470 3572 inmoderate
486 3514 579 3584 lentis,
595 3513 668 3573 etin
685 3518 785 3572 metus
802 3520 832 3572 et
846 3510 876 3571 in
892 3513 1016 3574 dolores
1038 3507 1168 3573 humani
1208 3562 1211 3569 .
