2438 3968
207 275 270 338 eoo
310 275 343 334 u.
353 274 589 336 nuusrruno
601 275 899 336 uetuerimne
910 275 1018 336 cous.
1039 284 1085 335 n.
1137 365 1139 367 ι

206 425 339 490 animum
352 442 371 486 a
383 426 466 486 luctu
478 427 609 501 recipias
624 433 654 486 et
666 426 697 485 id
712 441 801 500 agas,
821 441 861 485 ne
875 426 943 501 quis
957 432 987 485 te
1004 431 1089 500 putet
1103 441 1172 499 par·

206 518 255 573 tus
268 510 311 569 tui
324 511 488 584 poenitere.

178 604 192 655 1
265 593 328 657 XX.
359 593 496 655 cetorum
518 593 589 668 quia
609 608 738 653 necesse
759 599 822 666 est,
848 609 916 653 cum
932 593 1033 653 omnia
1047 592 1170 665 feceris,

205 678 404 752 cogitationes
427 684 527 739 tamen
549 684 618 738 tuas
644 676 773 737 subinde
799 678 839 737 ad
861 692 910 736 mc
934 690 1094 736 recurrere
1115 692 1171 736 noc

206 776 388 836 quemquam
402 777 483 822 nuuc
496 777 535 821 ex
549 760 652 821 liberis
666 760 727 821 tuis
741 761 926 835 frequentius
938 760 990 819 tibi
1001 760 1170 833 obversari,

204 861 266 907 non
283 847 355 920 quia
368 844 411 905 iiii
424 845 523 907 minus
538 843 601 904 cari
613 845 682 918 sint,
695 846 751 905 sed
763 845 834 919 quia
843 845 978 905 naturale
990 851 1038 903 est
1047 859 1170 903 manum

205 929 331 1003 saepius
345 927 385 988 ad
398 928 430 988 id
443 930 574 1003 referre,
594 929 678 1003 quod
693 929 806 1002 doleat,
829 929 978 1003 qualem
992 943 1047 987 me
1063 928 1169 1004 cogi-

204 1018 260 1074 tes
277 1012 429 1086 accipe:
444 1014 554 1075 laetum
568 1020 598 1073 et
611 1013 741 1073 alacrem
751 1013 833 1072 vetut
845 1012 966 1088 optimis
977 1010 1083 1072 rebus.
1101 1018 1170 1072 sunt

204 1095 284 1155 enim
305 1095 451 1172 optimae,
479 1096 621 1171 quoniam
641 1096 759 1156 animus
777 1096 876 1156 omnis
890 1095 1103 1170 occupationis
1118 1112 1169 1156 cx·

206 1194 277 1254 pers
298 1178 443 1254 operibus
465 1180 530 1241 suis
549 1187 639 1240 vacat
658 1188 689 1240 et
707 1180 799 1240 modo
823 1196 858 1240 se
877 1178 1043 1240 levioribus
1061 1180 1168 1240 studiis

206 1261 350 1336 obiectat,
370 1264 462 1326 modo
480 1264 519 1324 ad
535 1263 787 1324 considerandam
804 1279 889 1323 suam
903 1263 1104 1339 universique
1118 1279 1168 1322 nu·

177 1356 303 1409 pturam
322 1349 388 1411 veri
407 1348 516 1410 avidus
536 1348 678 1423 insurgit:
699 1355 795 1407 terras
812 1349 938 1422 primum
952 1347 1106 1422 situmque
1121 1363 1168 1406 ea·

205 1448 270 1493 rum
293 1433 419 1507 quaerit.
449 1432 559 1492 deinde
580 1431 789 1492 condicionem
804 1431 977 1492 circumfusi
992 1432 1086 1492 maris
1104 1447 1168 1490 cur·

206 1531 322 1591 susque
337 1516 402 1577 eius
417 1516 549 1576 alternos
561 1522 591 1575 et
600 1530 752 1575 recursus.
772 1523 844 1576 tunc
855 1515 1000 1591 quicquid
1010 1515 1090 1575 intor
1101 1531 1166 1575 coe-

205 1599 265 1658 lum
286 1607 445 1675 terrasque
466 1600 587 1674 plenum
606 1599 774 1659 formidinis
798 1598 953 1660 interiacet
972 1599 1123 1674 perspicit
1141 1604 1169 1658 ct

204 1681 264 1747 hoc
275 1684 443 1757 tonitribus,
455 1682 638 1757 fulminibus,
649 1691 810 1744 ventorum
821 1682 942 1744 flatibus
953 1698 989 1744 ac
998 1683 1169 1742 nimborum

204 1764 347 1840 nivisque
366 1775 395 1827 et
416 1768 570 1841 grandinis
595 1767 674 1833 iactu
694 1768 909 1828 tumultuosum
930 1767 1072 1842 spatium.
1108 1774 1168 1827 tum

206 1851 373 1922 peragratis
389 1850 597 1912 humilioribus
612 1850 652 1911 ad
670 1867 788 1912 summa
802 1852 971 1927 prorumpit
985 1858 1015 1910 et
1028 1850 1168 1926 pulcher·

205 1932 281 1994 rimo
296 1932 466 1993 divinorum
477 1937 652 2008 spectaculo
669 1936 783 1994 fruitur.
811 1935 1004 1998 Aeternitatis
1020 1950 1099 1995 suae
1110 1949 1168 1993 mc

205 2031 272 2076 mor
281 2016 316 2158 ¹in
335 2033 438 2091 omno,
461 2018 544 2093 quod
558 2017 614 2079 iuit
627 2019 821 2094 futurumque
834 2028 895 2092 cst,
917 2019 1003 2080 vadit
1016 2017 1170 2092 [omnibus

205 2115 280 2161 secu
292 2099 340 2173 isi.
