2438 3968
129 218 191 283 248
343 219 376 279 L.
387 219 532 278 ANNAEI
549 218 723 280 SENECAE
736 220 840 280 DIAL.
853 220 919 280 llll.

130 388 182 432 sar
195 372 370 446 Augustus,
392 385 482 446 quem
497 369 569 429 mihi
583 368 704 430 videtur
716 386 816 430 rerum
834 377 943 431 natura
955 369 1105 446 edidisse,

130 462 164 517 ut
184 454 374 528 ostenderet,
397 454 469 527 quid
491 469 608 513 summa
628 454 702 512 vitia
715 453 744 511 in
760 470 880 513 summa
894 454 1017 514 iortuna
1031 471 1105 530 pos-

130 546 213 612 sent,
235 539 349 598 centies
375 537 515 597 sestertio
540 537 681 597 coenavit
700 554 762 597 uno
788 538 845 597 die.
874 536 948 597 etin
963 537 1026 598 hoc
1041 554 1105 599 om-

12 685 15 692 ,
133 624 214 684 nium
234 621 356 682 adiutus
371 620 493 695 ingenio
510 620 559 680 vix
574 628 673 681 tamen
689 621 818 694 invenit,
841 621 998 696 quomodo
1014 622 1106 683 trium

102 704 358 782 sprevinciarum
378 705 522 765 tributum
543 721 605 765 una
621 720 718 765 coena
731 704 827 764 fleret.
862 702 884 763 0
900 704 1103 777 miserabiles,

132 806 262 866 quorum
280 790 415 864 palatum
434 788 492 849 nisi
513 787 553 847 ad
573 789 727 863 pretiosos
747 788 834 849 cibos
854 804 915 848 non
938 789 1102 848 excitatur!

131 874 286 950 pretiosos
307 881 408 932 autem
430 888 491 932 non
512 873 641 931 eximius
663 888 758 946 sapor
776 880 826 932 aut
846 872 950 947 aliqua
970 873 1105 932 lancium

132 956 270 1028 dulcedo,
287 956 343 1017 sed
357 954 464 1015 raritas
479 961 509 1014 et
520 955 682 1016 dillicultas
695 954 824 1030 parandi
831 957 910 1015 lacit.
931 956 1070 1031 alioquin
1078 955 1104 1016 si

132 1041 171 1101 ad
179 1055 283 1100 sanam
291 1038 350 1100 illis
359 1045 490 1099 mentem
500 1039 744 1114 placeatreverti,
757 1039 831 1114 quid
839 1055 919 1114 opus
927 1039 1103 1100 esttotarti·

131 1125 190 1184 bus
203 1123 299 1183 ventri
312 1122 536 1184 servientibus?
551 1124 624 1197 quid
635 1125 833 1184 mercaturis?
848 1123 920 1198 quid
933 1123 1103 1184 vastatione

131 1208 297 1268 silvarum?
311 1208 384 1283 quid
398 1206 539 1281 profundi
547 1207 808 1281 perscrutatione?
819 1205 934 1282 passim
942 1205 1103 1267 iacentali·

130 1298 240 1364 menta,
254 1308 333 1366 quae
343 1306 443 1350 rerum
455 1291 708 1351 naturaomnibus
716 1291 793 1351 locis
802 1290 954 1365 deposuit,
962 1291 1021 1350 sed
1028 1290 1103 1350 haec

131 1377 214 1436 velut
230 1375 313 1434 caeci
320 1375 778 1450 transeuntetomnesregiones
787 1380 1001 1450 pervagantur,
1010 1374 1103 1433 maria

130 1460 272 1520 traiciunt
293 1466 337 1532 et,
359 1475 426 1518 cum
446 1460 555 1518 famem
576 1459 687 1533 exiguo
708 1459 829 1534 possint
848 1458 975 1531 sedare,
991 1473 1101 1532 magno

102 1545 260 1610 similant.
284 1543 371 1602 libet
391 1542 508 1602 dicerer
530 1542 603 1618 quid
624 1543 774 1602 deducitis
795 1549 911 1601 naves?
937 1541 1014 1617 quid
1041 1557 1101 1600 rna-

131 1644 188 1687 nus
215 1633 246 1686 et
272 1626 422 1686 adversus
451 1627 532 1686 ieras
562 1634 592 1687 et
620 1627 769 1686 adversus
790 1626 929 1687 homines
957 1625 1102 1685 armatist

133 1711 205 1786 quid
227 1716 309 1770 tanto
326 1711 452 1770 tumultu
466 1709 655 1770 discrurilist
677 1711 750 1785 quid
764 1726 840 1785 opes
856 1707 967 1785 opibus
983 1709 1101 1784 adgeri·

133 1795 191 1854 tist
206 1809 267 1853 non
281 1792 373 1854 vultis
390 1794 536 1867 cogitare,
554 1811 644 1869 quam
661 1810 756 1869 parva
768 1794 858 1855 vobis
875 1809 1009 1868 corpora
1024 1793 1102 1852 sint?

132 1891 234 1937 nonne
254 1876 339 1935 furor
353 1884 383 1936 et
396 1876 519 1938 ultimus
534 1879 677 1937 mentium
692 1895 777 1940 error
793 1884 854 1950 est,
877 1893 947 1938 cum
961 1884 1024 1936 tam
1040 1875 1099 1935 exi-

132 1975 225 2035 guum
242 1959 357 2033 capias,
372 1976 484 2035 cupere
498 1962 644 2022 multumt
665 1962 749 2022 Licet
762 1962 865 2036 itaque
879 1958 1020 2034 augeatis
1034 1975 1100 2018 cen·

133 2060 203 2117 suS,
227 2045 432 2118 promoveatis
446 2045 539 2106 lines:
561 2063 724 2122 numquam
739 2053 837 2106 tamen
854 2060 984 2119 corpora
1001 2051 1102 2104 vestra

132 2127 282 2188 lavabitis.
316 2124 389 2187 Cum
413 2127 489 2186 bene
511 2131 638 2190 cesserit
659 2129 838 2206 negotiana,
859 2130 983 2189 multum
998 2126 1101 2187 militia

132 2212 280 2282 retulerit,
304 2226 372 2270 cum
392 2212 525 2286 indagati
545 2212 682 2288 undique
696 2213 755 2274 cibi
770 2213 909 2287 coierint,
930 2210 1101 2274 nonhabe

104 2295 217 2368 ibitis,
238 2295 290 2356 ubi
305 2295 381 2356 istos
402 2296 568 2371 adparatus
589 2304 710 2359 vestros
731 2299 909 2359 conlocetis.
944 2296 1024 2371 Quid
1042 2302 1100 2357 mm

132 2381 224 2441 multa
239 2379 439 2455 conquiritis?
460 2378 582 2441 Scilicet
596 2382 726 2442 maiores
742 2382 846 2456 nostri,
862 2397 993 2457 quorum
1007 2382 1099 2440 virtus

132 2464 303 2524 etiamnunc
318 2461 389 2523 vitia
402 2471 507 2526 nostra
521 2472 685 2540 sustentat,
706 2465 842 2527 infelices
856 2473 959 2538 erant,
975 2465 1030 2540 qui
1044 2463 1100 2524 sibi

132 2563 223 2607 manu
238 2563 296 2607 sua
311 2545 458 2622 parabant
471 2547 585 2621 cibum,
601 2550 711 2623 quibus
726 2556 806 2610 terra
820 2549 919 2611 cubile
934 2556 1009 2620 erat,
1026 2563 1099 2624 quo·

131 2647 196 2691 rum
218 2638 298 2691 tecta
315 2632 450 2692 nondum
470 2649 544 2692 auro
565 2633 733 2708 fulgebant,
756 2650 882 2709 quorum
898 2633 1012 2707 templa
1026 2647 1099 2691 non-

131 2715 203 2774 dum
225 2714 352 2788 gemmis
368 2713 511 2776 nitebant.
541 2717 645 2793 itaque
659 2725 731 2778 tunc
746 2734 801 2792 per
814 2716 922 2778 fictiles
938 2717 1016 2776 deos
1032 2713 1099 2775 reli·

131 2798 218 2872 giosc
232 2797 395 2859 iurabatur.
424 2799 476 2874 qui
490 2800 559 2860 illos
574 2800 803 2874 invocaverant,
820 2802 860 2861 ad
873 2800 994 2861 hostem
1010 2796 1099 2858 mori·

103 2880 203 2953 stunt,
224 2897 263 2940 ne
277 2882 430 2956 fallerent,
451 2884 599 2944 redibant.
623 2883 746 2945 Scilicet
760 2884 859 2945 minus
874 2886 963 2946 beate
978 2882 1100 2943 vivebat

132 2965 261 3025 dictator
274 2973 392 3039 noster,
416 2965 467 3040 qui
483 2966 661 3029 Samnitium
674 2969 792 3044 legatos
808 2969 915 3042 audiit,
931 2984 1001 3029 curn
1017 2965 1099 3026 vilis·

132 3050 240 3110 simum
261 3049 360 3109 cibum
381 3049 411 3109 in
429 3051 499 3112 loco
514 3051 582 3127 ipse
597 3069 687 3112 manu
702 3069 760 3112 sua
773 3061 924 3123 versaret,
946 3051 1016 3123 illa,
1039 3066 1100 3125 qua

130 3132 190 3191 iam
211 3147 305 3208 saepe
326 3133 446 3195 hostem
465 3143 662 3208 percusserat
679 3140 876 3212 laureamque
890 3137 921 3195 in
939 3133 1100 3210 Capitolini

130 3216 211 3275 lovis
231 3217 345 3291 gremio
365 3225 560 3294 reposuerat,
582 3237 672 3296 quam
686 3221 812 3296 Apicius
833 3226 938 3281 nostra
954 3218 1101 3280 memoria

132 3298 220 3373 vixit,
243 3301 339 3375 quiin
355 3317 392 3361 ea
406 3302 498 3376 urbe,
519 3318 559 3361 ex
574 3320 635 3380 qua
648 3304 813 3378 aliquando
827 3303 1004 3380 philosophi
1020 3302 1102 3362 velut

131 3389 325 3458 corruptores
340 3383 504 3446 iuventutis
520 3387 604 3447 abire
615 3388 692 3449 iussi
703 3394 783 3462 sunt,
796 3388 952 3449 scientiam
964 3386 1101 3463 popinae

131 3466 291 3541 protessus
318 3467 479 3544 disciplina
502 3487 560 3531 sua
581 3473 718 3532 seculum
738 3471 849 3533 iniecit.
881 3471 969 3533 cuius
984 3470 1100 3531 exilum
