2438 3968
179 213 232 274 An
255 212 479 274 GALLIONEM
499 213 550 272 DE
571 215 667 274 VITA
686 215 825 275 BEATA.
846 209 933 280 tsse.
976 214 1039 280 145

65 371 209 445 voluptas
228 367 441 442 inmiscuisset‚
465 385 526 443 qua
538 369 634 429 virtus
650 384 745 444 saepe
763 377 853 445 caret,
875 388 1038 448 numquam

65 453 189 528 indiget.
216 451 292 525 Quid
310 453 476 524 dissimilia,
493 453 583 511 immo
596 453 719 511 diversa
734 455 926 528 conponitisa
948 459 1071 519 altumil

66 537 213 612 quiddam
226 543 274 598 est
287 536 392 606 virtus,
416 538 571 595 excelsum
587 543 617 595 et
631 538 742 610 regale,
766 537 918 614 invictum,
939 540 1037 601 inlati

65 619 181 695 gabile=
209 621 352 695 voluptas
373 619 500 693 humile,
523 618 649 693 servile,
670 620 856 696 inbecillum,
881 624 1038 697 caducum,

66 704 154 765 cuius
170 704 258 764 statio
274 719 311 762 ac
325 702 509 764 domicilium
530 704 663 763 fornices
678 711 708 764 et
722 703 855 779 popinae
873 714 952 767 suut.
972 707 1037 766 vir-

63 794 158 849 tutem
175 788 333 862 intemplo
349 786 524 861 convenies,
547 787 577 846 in
598 787 674 859 soro,
699 787 728 847 in
751 789 843 862 curia,
865 805 921 863 pro
944 791 1038 850 muris

64 878 203 946 stantem,
215 871 464 946 pulverulentam,
478 871 649 942 coloratam,
663 872 794 932 callosas
805 873 963 933 habentem
976 889 1038 933 ma·

63 972 141 1016 nus:
164 955 347 1030 voluptatem
364 955 527 1015 latitantem
547 954 673 1028 saepius
694 971 731 1015 ac
752 955 893 1017 tenebras
913 963 1037 1031 captan-

64 1046 125 1099 tem
142 1037 223 1098 ciroa
237 1037 358 1098 balinea
378 1054 415 1098 ac
437 1037 593 1099 sudatoria
613 1053 650 1097 ac
670 1039 740 1099 loca
752 1039 881 1099 aedilem
903 1048 1037 1101 metuen-

64 1125 115 1195 tia,
133 1124 263 1194 mollem,
285 1137 437 1196 enervem,
458 1137 543 1182 mero
565 1129 658 1196 atque
679 1131 833 1197 unguento
857 1125 1036 1196 madentem,

65 1205 207 1281 pallidam
224 1211 275 1265 aut
288 1206 418 1266 fucatam
440 1213 470 1266 et
488 1206 717 1266 medicamentis
736 1207 919 1281 pollinctum.
948 1207 1066 1268 Sum-l

63 1306 146 1350 mum
161 1291 274 1350 bonum
296 1289 453 1350 inmortale
468 1297 523 1363 est,
545 1289 645 1348 nescit
661 1289 756 1349 exire.
790 1306 848 1351 nec
869 1291 1038 1353 satietatem

52 1374 156 1434 'habet
171 1388 227 1433 nec
242 1373 466 1448 poenitentiam.
494 1389 659 1447 numquam
678 1373 756 1432 enim
770 1381 853 1434 recta
870 1391 956 1434 mens
970 1390 1038 1434 ver-

62 1457 136 1519 titur
147 1473 204 1516 nec
216 1455 273 1516 sibi
286 1457 357 1517 odio
369 1465 486 1518 estnec
499 1456 663 1532 quiequam
674 1457 799 1517 mutavit
810 1459 904 1534 [‚quia
915 1473 1039 1533 semper

64 1556 187 1614 semper
198 1548 304 1600 secuta
319 1547 375 1611 est]
392 1541 520 1615 optima:
537 1546 567 1600 at
578 1540 720 1613 voluptas
732 1547 812 1612 tunc,
828 1557 896 1601 cum
909 1543 1037 1601 maxime

64 1626 203 1695 delectat,
219 1622 430 1697 exstinguitur.
459 1642 519 1684 non
535 1625 658 1684 multum
676 1623 735 1683 loci
747 1624 845 1700 habet,
859 1626 962 1701 itaque
978 1627 1036 1686 cito

62 1707 158 1781 inplet
180 1713 210 1766 et
239 1707 340 1767 taedio
369 1716 416 1768 est
441 1715 567 1783 etpost
591 1707 720 1781 primum
746 1708 878 1783 inpetum
909 1716 1035 1770 marcet:

63 1806 121 1850 nec
147 1791 178 1851 id
201 1806 346 1865 umquam
368 1800 483 1852 certum
503 1799 564 1866 est,
592 1792 678 1852 cuius
698 1792 731 1852 in
752 1800 836 1853 motu
855 1800 961 1854 natura
980 1801 1036 1854 est.

62 1876 104 1935 ita
133 1890 171 1934 ne
199 1882 299 1950 potest
320 1875 441 1949 quidem
466 1877 528 1936 ulla
553 1875 619 1936 cius
644 1891 718 1937 esse
739 1876 923 1952 substantia,
952 1878 1037 1952 quod

61 1957 145 2019 venit
165 1958 312 2019 transitve
331 1959 487 2019 celerrime
504 1959 619 2035 inipso
638 1977 697 2019 usu
720 1961 768 2020 sui
786 1962 961 2034 periturum.
996 1977 1035 2022 eo

50 2041 141 2103 ‘euim
170 2045 307 2118 pervenit
326 2043 377 2102 ubi
403 2044 537 2117 desinet,
564 2052 594 2103 et
618 2043 690 2103 dum
711 2044 830 2119 incipit,
856 2052 974 2120 spectat
996 2047 1036 2105 ad

62 2127 164 2187 finem.

104 2211 183 2271 Vlll.
208 2211 293 2285 Quid,
311 2212 394 2286 quod
406 2219 467 2272 tam
477 2210 568 2272 bonis
581 2229 671 2287 quem
683 2213 770 2273 malis
780 2214 923 2286 voluptas
935 2211 1036 2271 inest?
1050 2223 1064 2276 l

63 2309 120 2353 nec
134 2295 233 2354 minus
248 2303 354 2370 turpes
375 2295 510 2355 dedecus
526 2313 613 2355 suurn
637 2313 727 2371 quam
748 2295 895 2356 honestos
911 2294 1035 2369 egregia

62 2377 222 2439 delectant.
237 2378 598 2455 ideoquepraeceperunt
608 2379 879 2453 veteresoptimam
888 2377 977 2452 sequi
989 2378 1033 2438 vi-

61 2470 132 2532 tam,
153 2478 214 2521 non
233 2461 496 2534 iucundissimam,
521 2471 554 2523 ul
573 2472 674 2523 rectae
693 2479 730 2522 ec
743 2464 849 2522 bonae
871 2462 1033 2523 voluntatis

62 2561 123 2606 non
141 2546 214 2621 dux,
228 2546 285 2617 sed
296 2561 398 2607 comes
413 2546 453 2606 sit
466 2547 617 2622 voluptas.
641 2554 747 2607 natura
762 2545 840 2606 enim
856 2545 934 2606 duce
948 2552 1032 2606 uten-

62 2631 134 2689 dum
148 2637 205 2690 est.
238 2629 405 2690 hancratio
426 2630 582 2705 observat,
602 2630 681 2690 hanc
696 2630 834 2691 consulit.
856 2628 959 2689 Idem
974 2635 1064 2691 esta
1163 2670 1164 2675 η

61 2729 154 2788 ergo
175 2714 287 2775 beate
304 2715 486 2773 vivereet
510 2715 719 2775 secundum
741 2721 922 2774 naturam
959 2712 1033 2775 boc

62 2798 156 2872 quid
171 2797 236 2870 sit,
253 2797 323 2856 iem
339 2797 525 2872 aperiam:
548 2799 574 2857 si
593 2799 731 2874 corporis
746 2799 880 2859 doteset
894 2803 964 2872 apta
977 2813 1031 2859 na·

60 2890 147 2943 turae
169 2879 419 2942 conservabimus
435 2881 593 2956 diligenter
613 2890 643 2942 ct
661 2882 805 2958 inpavide
826 2890 981 2954 tamquam
999 2880 1030 2941 in

61 2967 142 3025 diem
157 2967 228 3026 data
242 2971 272 3025 et
283 2963 412 3039 fugacia,
431 2965 457 3024 si
470 2981 532 3026 non
545 2965 725 3027 subierimus
734 2981 843 3026 eorum
857 2964 1031 3024 servitutem

61 3065 120 3109 nec
133 3066 191 3111 nos
207 3048 306 3110 aliena
320 3047 523 3125 possederint,
538 3050 564 3108 si
580 3050 701 3125 corpori
716 3057 802 3124 grata
817 3055 847 3108 et
860 3048 1030 3126 adventicia

46 3148 99 3192 eo
116 3133 205 3194 nobis
220 3135 290 3194 loco
305 3133 424 3206 luerint,
441 3148 501 3205 quo
519 3133 633 3193 suntin
649 3134 756 3193 castris
770 3130 881 3192 auxilia
895 3138 925 3192 et
935 3146 1030 3192 arnae·

58 3225 146 3277 turae
162 3219 262 3278 leves:
284 3217 419 3277 serviant
433 3215 501 3289 ista,
516 3231 576 3275 non
591 3216 747 3291 imperent,
760 3217 802 3276 ita
813 3216 932 3275 demum
946 3213 1043 3275 utilia

46 3307 132 3360 *sunt
147 3301 246 3360 menti.
272 3301 469 3375 lncorruptus
491 3298 536 3358 vir
556 3299 594 3360 sit
615 3300 748 3359 externis
769 3307 800 3361 et
813 3298 1061 3373 insuperabilisa

58 3384 245 3460 miratorque
259 3392 372 3445 tantum
388 3383 444 3455 sui,
467 3383 567 3444 fidens
586 3381 686 3444 animo
710 3389 800 3458 atque
820 3382 850 3442 in
867 3389 1028 3457 utrumque

61 3475 185 3542 paratus
206 3469 316 3528 artilex
335 3468 425 3528 vitae.
461 3467 575 3528 fiducia
588 3466 655 3528 eius
673 3483 733 3529 non
747 3467 815 3528 sine
832 3465 961 3527 scientia
976 3464 1027 3536 sit,

63 3552 187 3612 scientia
207 3569 268 3613 non
290 3552 356 3612 sine
377 3551 559 3612 constantia:
587 3558 727 3611 maneant
743 3550 785 3610 illi
806 3551 901 3610 semel
918 3549 1028 3624 placila

103 3655 203 3695 seneca
218 3656 286 3695 nun.
302 3639 322 3694 l.
834 3642 866 3694 10
