2438 3968
202 243 330 305 LUDUS
345 244 395 303 DE
410 242 542 302 MORTE
558 243 722 304 CLAUDII.
745 252 874 304 11-13.
962 243 1023 308 273

147 401 269 459 Volnera
279 413 375 470 parvo

140 485 260 556 Fiqeret
271 482 364 540 ltostes

139 568 280 639 Pictaque
292 565 377 624 Medi

144 650 239 724 Terqa
250 649 380 722 suqacis.

107 762 130 795 ιι
140 735 196 794 Ille
209 733 371 793 Britannos
382 767 385 771 <

144 818 228 878 Ultra
241 820 303 877 noti

138 902 240 962 Litora
248 904 337 976 ponti

140 986 179 1044 Et
191 988 345 1046 coeruleos

140 1070 231 1129 Scuta
245 1069 411 1142 Briouates

105 1182 129 1215 ao
139 1155 222 1213 Dare
234 1153 381 1212 Romuleis

142 1239 223 1297 Colla
237 1240 348 1296 cannis

140 1323 230 1381 Iussit
242 1329 270 1380 et
286 1323 381 1395 ipsum

140 1406 222 1465 Noua
235 1405 388 1464 Romanae

141 1491 217 1549 Iura
230 1493 341 1549 securis

79 1586 80 1589 ’
107 1600 130 1633 a
145 1573 281 1632 Tremere
295 1573 450 1633 Oceanum.

141 1658 251 1731 Deflete
265 1660 367 1730 urum,

144 1741 206 1812 Quo
219 1758 277 1801 nou
291 1744 368 1800 alius

141 1826 237 1885 Potuit
249 1827 334 1886 citius

141 1910 262 1969 Discere
275 1924 383 1969 causas

631 394 728 470 Saepe
740 403 770 456 el
781 405 896 456 neutro.

634 479 705 549 onis
717 497 795 540 nunc
808 483 901 541 iudex

637 563 704 624 Toto
717 567 782 624 tites

597 673 621 707 a
632 649 741 708 Audict
753 646 854 709 anno?

636 731 700 792 libi
712 735 771 791 iam
784 735 867 792 cedet

632 816 708 876 Sede
720 819 834 888 relicto,

635 900 690 970 Oui
701 901 754 959 dut
763 904 873 976 populo

631 985 707 1044 Iuro
720 988 824 1058 silenti,

599 1069 757 1130 enerciaco
774 1078 873 1130 teneus

634 1153 751 1227 Oppida
764 1162 887 1214 centurn.

634 1237 752 1296 Caedite
765 1240 879 1297 moestis

632 1323 756 1380 Pectora
766 1325 884 1395 palmis,

634 1405 657 1464 0
669 1406 821 1477 causidici,

599 1515 621 1547 a
640 1491 749 1548 Venale
760 1506 862 1562 oenus.

640 1574 752 1646 Vosque
758 1581 866 1647 poetae

631 1657 740 1730 Luqete
753 1660 828 1730 noui,

641 1743 753 1815 Vosque
766 1745 797 1800 iu
806 1745 923 1817 prinis,

635 1825 693 1896 (lui
704 1842 842 1886 concusso

600 1937 622 1969 50
634 1911 751 1983 Meque
760 1915 893 1984 parastis

107 2019 131 2054 40
146 1993 210 2053 Uno
224 2001 335 2053 tanturn
632 1994 733 2053 Lucro
743 1994 861 2067 fritillo.

142 2079 231 2137 Parte
244 2078 356 2146 audita,

119 2160 195 2219 Xlll.
217 2160 428 2221 Delectabatur
444 2159 584 2220 laudibus
602 2162 667 2221 suis
683 2160 825 2222 Claudius
841 2169 870 2221 et
884 2160 1027 2236 cupiebat
1041 2175 1055 2226 1

57 2244 171 2306 diutius
192 2252 341 2318 spectare.
370 2241 453 2303 inicit
477 2243 519 2302 itti
540 2261 661 2303 manum
683 2244 869 2320 Talthybius
898 2246 1025 2308 deorum

59 2327 198 2400 nuntius,
221 2336 251 2387 et
270 2328 361 2387 trabit
380 2327 479 2402 capite
500 2327 659 2399 obvoluto,
687 2343 725 2385 ne
747 2329 816 2401 quis
835 2344 905 2387 eum
927 2329 1027 2403 possit

58 2426 237 2485 agnoscere,
251 2426 307 2485 per
317 2427 457 2486 eampum
468 2410 615 2485 Martium,
629 2417 659 2471 et
669 2409 747 2469 inter
756 2410 885 2470 Tiberim
896 2420 926 2472 et
936 2412 1025 2473 Viam

57 2498 179 2555 Tectam
201 2493 360 2554 descendit
374 2497 414 2556 ad
429 2495 552 2554 inferos.
586 2498 803 2556 Antecesserat
815 2495 873 2554 iam
890 2508 1054 2571 conpenn

59 2578 155 2639 diaria
175 2577 337 2636 Narcissus
357 2578 482 2638 libertus
504 2584 634 2651 [dominus
654 2584 777 2651 domm]
803 2579 842 2639 ad
863 2587 1025 2654 patronum

59 2661 272 2735 excipiendum
288 2666 318 2719 et
330 2661 463 2721 venienti
477 2663 603 2735 uitium,
621 2670 655 2722 ut
669 2669 733 2722 erat
746 2679 764 2721 a
777 2662 902 2736 balneo,
919 2679 1023 2725 occur·

57 2748 96 2806 rit
111 2752 141 2804 et
156 2745 210 2803 ait:
233 2744 328 2819 „quid
344 2745 373 2803 di
388 2746 427 2805 ad
442 2744 626 2805 homines?“
652 2747 817 2820 „,Celerius
833 2753 1024 2823 [praecedito]‚

57 2830 156 2905 inquit
168 2828 351 2901 Mercurius
374 2836 403 2888 et
416 2829 519 2888 venire
534 2847 591 2891 nos
607 2830 749 2890 nuntia.“‘
783 2830 848 2910 [lile
859 2839 959 2893 autem
972 2850 1024 2908 pa-

58 2921 145 2974 trono
161 2915 249 2988 plura
263 2912 392 2971 blandiri
406 2913 536 2973 volebat.
572 2931 662 2989 quem
675 2913 843 2974 Mercurius
860 2917 968 2976 iterum
982 2918 1024 2976 le-

58 2999 169 3058 stinare
195 2997 285 3056 iussit
310 3005 340 3056 et
360 2997 446 3071 virga
471 3004 637 3057 morantem
659 2999 788 3076 inpulit]
828 2999 914 3060 Dicto
939 3000 1025 3060 eitius

56 3080 220 3141 Narcissus
241 3081 352 3141 evolat.
388 3078 494 3140 Omnia
514 3082 660 3155 proclivia
681 3091 764 3154 sunt,
786 3083 875 3142 facile
898 3083 1054 3146 descen-3

58 3164 147 3224 ditur.
169 3163 284 3238 itaque,
309 3163 448 3238 quamvis
464 3166 649 3240 podagricus
664 3173 761 3239 esset,
784 3173 935 3227 momento
952 3174 1025 3227 tem-

57 3249 141 3323 poris
157 3249 295 3322 pervenit
308 3250 348 3309 ad
362 3248 482 3308 ianuam
496 3250 586 3309 Ditis:
611 3250 663 3308 ubi
674 3249 793 3309 iacebat
804 3249 952 3311 Cerberus
964 3253 1024 3325 vel,

57 3342 91 3393 ut
109 3332 150 3391 ait
170 3331 329 3405 Horatius,
352 3335 437 3393 uiuo
457 3336 603 3407 centiceps
622 3334 705 3410 [sese
724 3349 851 3395 movens
872 3334 1024 3410 villosque

56 3415 228 3476 horrendos
239 3416 420 3489 excutiens].
439 3415 584 3491 pusillum
595 3416 856 3491 subperturbatur,
866 3451 910 3464 -
923 3419 1023 3479 albam

56 3514 164 3560 canem
185 3499 215 3559 in
232 3499 347 3560 deliciis
360 3501 473 3560 habere
488 3502 728 3562 adsueverat-
741 3509 774 3562 ut
787 3501 869 3562 illum
883 3502 958 3562 vidit
973 3519 1021 3564 ca-

98 3603 199 3642 ssanen
213 3604 282 3642 rnre.
300 3589 318 3641 1.
840 3593 874 3646 18
