2438 3968
270 260 396 323 LUDUS
411 260 462 323 DE
475 259 606 322 MORTE
622 259 785 322 CLAUDII.
807 266 905 321 6-9.
1005 259 1068 321 269

104 413 205 487 ierim,
226 428 295 473 cum
308 411 481 473 causidicos
497 411 631 473 audirem
646 411 725 470 diem
740 416 770 470 et
785 416 912 470 noctem.
941 411 972 469 in
988 425 1067 483 quus

105 498 133 560 si
153 497 330 571 incidisses,
355 496 444 557 valde
465 497 550 556 furtis
570 496 640 555 licet
660 494 712 554 libi
731 494 880 566 videaris,
906 493 1067 554 maluisses

105 581 227 644 cloacas
234 581 351 654 Augiac
365 595 509 655 purgarc=
531 580 622 640 multo
635 578 703 653 plus
711 593 768 653 ego
779 577 922 638 stercoris
930 577 1066 638 exhausi.

106 663 167 726 Sed
184 664 327 740 quoniam
340 667 412 726 vole
426 662 519 721 ***.“

167 749 246 809 Vlll.
264 747 324 785 ***
339 764 400 807 non
412 745 535 819 mirum,
551 747 636 823 quod
645 746 675 805 in
688 745 801 805 curiam
814 743 949 818 inpetum
960 743 1067 818 iecisti,
1080 753 1094 804 1

105 832 178 893 nihil
197 831 250 891 tibi
271 832 347 892 clusi
362 838 424 891 est:
445 831 536 891 medo
551 830 600 891 dic
615 828 719 902 nobis,
739 830 858 903 qualem
873 829 962 888 deum
978 828 1068 888 istum

105 916 172 976 lieri
186 916 271 976 velis.
304 905 526 992 Ἐπικούρειος
535 905 615 987 θεὸς
625 930 686 974 non
697 919 798 987 potest
809 927 895 972 essex
917 901 1069 972 oderad-

104 991 160 1070 τὰς
174 1000 307 1077 πρᾶγμα
321 996 384 1076 ἔχει
398 1017 429 1058 τι
443 987 519 1058 οὔτε
532 990 643 1071 ἄλλοις
660 990 799 1074 παρέχει.
829 994 973 1057 Stoicus?
992 1011 1067 1070 quc·

105 1084 197 1144 modo
219 1089 321 1156 potest
341 1082 490 1142 rotundus
510 1097 596 1155 esse,
623 1089 656 1141 ut
678 1081 719 1140 ait
738 1081 851 1151 Varro,
874 1080 941 1140 sine
958 1080 1078 1155 capite,

106 1166 173 1227 sine
187 1167 370 1241 praeputio?
400 1164 455 1225 Est
467 1166 580 1241 aliquid
595 1164 690 1225 inille
706 1163 800 1225 Stoici
811 1163 876 1236 dei,
891 1164 949 1223 iam
961 1163 1067 1224 videos

105 1265 163 1311 nec
183 1266 236 1310 cur
255 1265 312 1309 nce
333 1257 424 1322 caput
436 1249 536 1309 habet.
571 1248 604 1310 Si
624 1248 813 1309 mehercules
829 1263 848 1305 a
863 1245 992 1308 Saturno
1015 1248 1097 1321 pes

105 1332 194 1395 iisset
207 1333 267 1394 hoc
280 1332 475 1405 beneficium,
490 1332 576 1394 cuius
591 1347 725 1392 mensem
739 1338 802 1392 totu
814 1346 893 1390 anno
906 1330 1070 1391 celebravit

106 1419 259 1492 princeps,
277 1433 338 1477 non
352 1414 471 1477 tulisset
484 1417 565 1478 illud.
587 1418 694 1477 nedum
705 1415 744 1474 ab
755 1415 843 1486 love,
859 1430 958 1489 quem,
974 1430 1068 1488 quan-

106 1508 169 1561 lum
192 1500 313 1573 quidem
334 1499 364 1559 in
385 1499 435 1561 illo
457 1500 525 1572 luit,
551 1498 704 1560 damnavit
722 1497 839 1558 incesti.
879 1499 913 1557 L.
934 1497 1069 1558 Silanum

106 1585 200 1654 enim,
216 1598 360 1657 generum
374 1599 477 1655 suurn,
493 1581 612 1643 occidit
640 1599 708 1656 oro,
725 1589 850 1656 propter
864 1581 960 1656 quid‘l
981 1598 1068 1643 suro-

104 1682 168 1725 rem
180 1682 275 1739 suam,
291 1666 515 1728 festivissimam
527 1668 658 1728 omnium
670 1667 845 1739 puellarum,
859 1681 950 1740 quam
962 1681 1068 1725 omnes

104 1751 254 1811 Venerem
266 1757 421 1824 vocarent,
432 1751 535 1811 maluit
544 1752 689 1811 lunonem
701 1765 820 1810 vocare.
842 1749 950 1823 Quare,
961 1750 1067 1825 inquit,

106 1850 220 1908 quaero
243 1836 339 1908 enim,
360 1850 497 1896 sorerem
512 1841 619 1894 suamc
650 1833 761 1905 Stulte,
784 1835 887 1894 stude:
909 1833 1097 1895 *Athenisd

104 1918 261 1978 dimidium
275 1919 360 1989 licet,
374 1919 578 1980 Alexandriae
591 1925 696 1978 totum.
729 1917 805 1991 Quia
817 1918 946 1991 Romae,
961 1917 1068 1992 inquit,

105 2016 207 2063 mures
222 2003 319 2063 molas
334 2002 458 2077 lingunt.
493 2001 549 2063 Hic
563 2002 652 2063 nubis
669 2017 762 2062 curva
776 2000 925 2076 corriget?
946 1999 1023 2074 Quid
1037 2001 1068 2060 in

105 2084 244 2146 cubiculo
268 2101 324 2147 suo
345 2086 437 2147 iaciat
455 2086 575 2148 nescim
604 2092 633 2145 et
653 2086 712 2146 iam
727 2085 825 2157 „coeli
840 2091 990 2145 scrutatur
1004 2087 1068 2159 pla-

105 2173 202 2243 gas“l
224 2169 300 2231 deus
315 2168 382 2229 fieri
396 2171 481 2232 vulti
502 2186 608 2244 parum
623 2176 683 2242 est,
706 2169 790 2245 quud
804 2169 948 2243 templum
962 2169 991 2227 in
1003 2167 1067 2227 Bri-

106 2251 207 2313 tannia
221 2253 334 2313 habeti
356 2255 438 2328 quod
452 2254 532 2315 lrunc
547 2253 666 2314 barbari
681 2255 784 2314 colunt
795 2260 824 2313 et
834 2260 868 2314 ut
878 2253 969 2312 deum
981 2256 1069 2312 cram

105 2337 221 2412 μωροῦ
231 2326 385 2396 εὐϊλάτου
398 2345 507 2415 τυχεῖν
513 2343 545 2395 i“

166 2418 215 2478 ΙΧ.
237 2419 371 2480 Tandem
389 2421 454 2480 lovi
475 2421 557 2481 venit
576 2419 765 2493 iumentum,
782 2419 909 2494 privatis
923 2417 1002 2478 intra
1016 2434 1093 2486 cu·1

104 2502 180 2560 riam
195 2502 380 2563 morantibus
396 2504 572 2564 sententiam
587 2504 688 2563 dicere
704 2509 772 2575 [rma
784 2506 883 2574 lz'cere]
895 2517 952 2562 nec
963 2502 1067 2577 dispu-

104 2592 178 2645 tare.
214 2584 313 2658 „Egm
329 2586 438 2661 inquit,
453 2586 485 2646 P.
501 2587 542 2658 c,
557 2588 744 2661 interrogare
758 2587 846 2647 vebis
863 2586 1067 2660 permiseram,

106 2684 162 2728 vos
176 2683 260 2729 mera
273 2669 404 2744 mapalia
418 2670 540 2730 lecistis.
576 2672 657 2731 anu
672 2675 725 2744 [ut]
738 2669 868 2731 servetis
877 2668 1067 2745 disciplinam

105 2753 216 2813 curiae.
254 2753 326 2825 Hic,
352 2753 582 2831 qualiscumque
603 2763 664 2828 cst,
691 2754 765 2830 quid
791 2754 830 2814 de
855 2755 944 2815 nubis
965 2751 1067 2814 existi·

104 2836 235 2895 mabuc‘
248 2836 302 2896 Illo
316 2835 441 2899 dimissu
454 2837 568 2912 primus
580 2839 778 2913 interrogatur
789 2838 1096 2900 sententiamlanusi

104 2926 199 2995 pater.
232 2918 260 2980 is
277 2920 454 2996 designatus
476 2928 539 2982 erat
560 2923 591 2981 in
609 2922 675 2982 Kal.
698 2922 789 2983 lulias
810 2921 1066 2998 postmeridianus

105 3002 190 3077 Cos,
217 3001 308 3064 homo
336 3005 527 3078 quantumvis
549 3007 647 3079 valer,
672 3008 723 3082 qui
748 3021 871 3081 semper
893 3007 977 3067 videl
999 2996 1067 3084 ἅμα

104 3079 241 3164 πρόσσω
261 3081 316 3150 καὶ
332 3078 468 3150 ὀπίσσω.
503 3089 533 3150 Is
546 3090 639 3150 multa
653 3091 780 3161 diserte,
798 3091 881 3164 quod
895 3091 925 3151 in
941 3090 1007 3151 iore
1022 3088 1065 3148 vi·

104 3177 170 3243 vat,
186 3169 275 3243 dixit,
292 3187 370 3247 quac
384 3172 519 3235 notarius
530 3173 673 3248 persequi
684 3191 744 3234 non
759 3175 868 3249 putuit,
885 3181 914 3234 et
924 3174 993 3234 ideo
1005 3188 1067 3233 non

104 3255 220 3328 resero,
244 3269 283 3313 ne
304 3256 370 3315 aliis
391 3256 492 3316 verbis
514 3273 639 3332 punam,
665 3273 745 3331 quae
764 3257 803 3316 ab
825 3257 875 3318 illu
891 3258 971 3318 dicta
987 3263 1066 3319 sunt.

104 3336 199 3397 Multa
219 3336 295 3399 dixit
314 3340 353 3399 de
373 3340 578 3417 magnitudine
598 3341 740 3401 deorum:
768 3356 829 3400 nun
851 3340 963 3401 debere
986 3341 1094 3402 hunus

104 3422 196 3495 volgo
210 3421 276 3481 dari
285 3423 441 3484 honorem.
474 3422 585 3499 „Olim,
599 3425 702 3499 inquit,
717 3441 888 3500 magnares
901 3425 1066 3487 eratdeum

105 3504 186 3567 fierit
208 3503 281 3574 iam,
299 3507 405 3579 Fama,
421 3509 542 3568 mimum
557 3508 654 3570 sedisti
670 3515 710 3581 [et
723 3516 774 3567 iam
786 3515 926 3584 pessimum
936 3531 1066 3584 quemque
