2438 3968
232 213 332 272 DIAL.
353 213 403 271 111.
440 212 490 272 DE
511 212 580 272 utu
599 211 671 271 LIB.
692 212 714 269 Ι.
737 219 868 273 13-16.
996 207 1036 272 47

57 367 191 443 {ligimus
206 380 299 426 canes
314 372 344 426 et
357 373 471 427 trucem
488 371 580 441 atque
594 364 817 427 inmansuetum
831 367 940 428 bovem
956 368 1036 430 occi-

56 452 158 512 dimus
173 457 203 510 et
216 449 364 511 morbidis
379 450 559 525 pecoribus,
574 465 614 509 ne
627 464 751 525 gregem
765 451 909 525 pottuant,
925 451 1037 510 terrum

55 534 251 596 demittimus.
273 539 470 609 portentosos
486 533 566 593 fetus
580 532 817 607 exstinguimus,
832 534 944 596 liberos
961 550 1036 610 quo·

57 635 134 694 quc,
158 618 185 678 si
208 617 324 677 debiles
345 617 574 692 monstrosique
588 616 661 677 editi
676 623 760 693 sunt,
775 618 949 692 mergimus.
979 635 1037 678 nec

56 703 118 776 ira,
140 703 197 761 sed
216 701 293 762 ratio
314 710 361 762 est
381 718 399 760 a
420 701 504 761 sanis
525 701 641 761 inutilia
661 716 832 760 secernere.
870 700 918 762 Nil
937 702 1066 763 minus3

56 802 150 862 quarn
171 785 263 845 irasci
277 785 451 861 punientem
467 784 569 857 decet,
590 800 659 845 cum
673 799 711 844 eo
726 786 822 860 magis
838 787 877 846 ad
894 785 1037 846 emenda·

57 870 170 932 tionem
185 884 286 944 poena
300 869 454 945 proticiat,
470 869 497 928 si
511 867 624 928 iudicio
639 870 699 929 lata
713 875 768 929 est.
791 869 867 929 Inde
880 877 937 944 est,
954 870 1038 945 quod

57 954 204 1014 Socrates
225 968 317 1013 servo
338 953 394 1014 aiu
414 954 569 1014 caederem
583 959 625 1026 te,
641 955 702 1012 nesi
713 956 870 1014 irascerer.
900 953 1037 1014 admoni-

58 1039 170 1100 tionem
192 1037 274 1096 servi
293 1037 323 1096 in
344 1043 465 1112 tempus
488 1036 593 1096 sanius
616 1035 744 1109 distulit,
772 1038 822 1098 iilo
843 1046 981 1112 tempore
1002 1052 1037 1097 se

56 1121 227 1182 admonuit=
250 1122 336 1182 cuius
359 1121 415 1181 erit
435 1128 494 1180 tam
517 1127 702 1196 temperatus
718 1122 872 1194 adtectus,
895 1137 964 1182 cum
979 1120 1036 1183 So-

57 1213 157 1266 crates
175 1221 236 1264 non
253 1206 293 1266 sit
305 1221 401 1265 ausus
416 1221 451 1263 se
465 1204 529 1265 irae
544 1202 750 1265 committeret

50 1287 55 1302 '
120 1289 199 1350 XVI.
225 1289 307 1364 Ergo
329 1290 369 1348 ad
390 1289 603 1349 coercitionem
624 1287 786 1348 errantium
804 1285 1064 1366 sceleratorum-l

57 1390 119 1450 que
134 1375 209 1434 irato
226 1374 407 1448 castigatore
422 1389 482 1434 non
499 1389 577 1447 opus
593 1379 648 1432 est.
670 1388 740 1431 nam
756 1388 823 1432 cum
839 1373 884 1431 ira
895 1373 1035 1433 delictum

57 1457 150 1518 animi
164 1458 219 1531 sit,
234 1472 296 1518 non
311 1463 431 1532 oportet
444 1463 572 1531 peccata
584 1456 736 1530 corrigere
750 1464 937 1531 peccantem.
958 1455 1037 1530 Quid

57 1547 155 1616 ergo?
173 1556 234 1600 non
249 1539 366 1600 irascar
379 1540 509 1599 latronit
524 1539 606 1613 ‚Quid
620 1547 715 1614 ergot
734 1555 794 1602 non
816 1540 930 1600 irascar
943 1555 1035 1599 vene·
1058 1541 1059 1549 ’

57 1627 140 1686 fico?
157 1625 233 1684 Non.
256 1624 449 1696 nequeenim
463 1622 535 1683 mihi
549 1624 675 1695 irascor,
692 1639 759 1684 cum
776 1622 955 1698 sanguinem
969 1624 1036 1683 mit·

58 1718 100 1770 to.
130 1722 219 1767 omne
234 1723 352 1783 poenae
366 1723 464 1782 genus
478 1708 603 1768 remedii
619 1708 688 1768 loco
700 1707 860 1769 admoveo.
880 1707 924 1767 Tu
935 1697 1065 1767 adhuc²

57 1809 89 1851 m
104 1791 200 1866 prima
215 1799 301 1866 parte
317 1792 448 1851 versaris
466 1807 603 1853 errorum
617 1807 674 1851 nec
688 1792 820 1866 graviter
833 1791 961 1864 laberis,
978 1792 1035 1850 sed

60 1878 251 1950 frequentem
272 1875 440 1950 obiurgatio
461 1883 491 1936 te
511 1875 640 1951 primum
655 1881 789 1950 secreta,
811 1875 922 1935 deinde
938 1875 1034 1950 pubii-

59 1967 127 2020 cata
139 1960 301 2020 emendare
312 1959 477 2034 temptabit.
494 1967 524 2020 tu
536 1959 657 2034 longius
668 1961 727 2019 iam
739 1959 927 2035 processisti.
944 1975 1036 2035 quam

58 2050 90 2104 ut
107 2045 210 2118 possis
225 2041 327 2103 verbis
343 2045 460 2103 sanari:
482 2044 647 2119 ignominia
663 2043 876 2104 contineberis.
905 2043 958 2103 tibi
973 2045 1035 2102 ior·

58 2127 120 2188 tius
136 2128 252 2202 aliquid
266 2135 296 2188 et
311 2129 394 2202 quod
408 2129 522 2189 sentias
544 2127 722 2189 inurendum
739 2135 800 2190 est=
822 2127 990 2188 inexilium
1006 2133 1036 2188 et

57 2213 128 2272 loca
141 2211 245 2286 ignota
258 2212 393 2273 mitteris.
421 2212 451 2271 in
467 2219 495 2272 te
510 2211 632 2272 duriora
645 2213 779 2271 remedia
794 2212 853 2271 iam
869 2212 968 2271 solida
982 2227 1035 2270 ne·

59 2296 155 2370 quitia
176 2296 344 2356 desiderat:
366 2302 396 2355 et
414 2297 537 2357 vincula
557 2297 678 2371 publica
696 2303 726 2354 et
745 2311 850 2355 carcer
865 2295 1034 2355 adhibetur.

57 2379 112 2440 tibi
127 2379 303 2442 insanabilis
318 2380 437 2441 animus
452 2387 482 2440 et
496 2380 663 2440 sceleribus
681 2381 798 2440 scelera
813 2385 990 2450 contexens,
1007 2375 1063 2437 et³

57 2463 120 2522 iam
133 2478 194 2522 non
210 2463 327 2536 causis,
344 2480 423 2538 quae
437 2481 601 2538 numquam
615 2465 694 2524 malo
711 2464 869 2524 defuturae
884 2468 969 2535 sunt,
990 2463 1035 2520 in-

57 2545 197 2622 pelleris,
225 2549 281 2607 sed
301 2548 376 2607 satis
404 2547 455 2607 tibi
475 2556 523 2608 est
543 2564 650 2622 magna
671 2549 709 2607 ad
733 2549 921 2623 peccandum
942 2561 1036 2606 causa

57 2645 203 2705 peccare,
219 2630 377 2706 perbibisti
391 2628 556 2706 nequitiam
570 2639 600 2691 et
613 2632 653 2691 ita
662 2631 832 2691 visceribus
847 2627 1035 2703 inmiscuisti,

57 2720 92 2773 ut
106 2714 164 2773 nisi
180 2730 247 2774 cum
263 2715 340 2789 ipsis
356 2716 440 2774 exire
454 2731 515 2777 non
530 2715 644 2790 possit:
660 2714 730 2776 otim
745 2715 837 2775 miser
851 2715 926 2773 mori
942 2730 1034 2789 quae-

56 2797 116 2871 ris,
134 2797 266 2858 beneda
281 2806 311 2858 te
324 2798 519 2871 merebimur,
541 2800 713 2860 auferemus
735 2798 789 2858 tibi
803 2800 891 2859 istam
906 2815 1034 2874 quave-

57 2881 143 2941 xaris
163 2881 314 2942 insaniam
328 2889 358 2942 et
377 2898 433 2957 per
447 2889 499 2942 tua
513 2883 674 2957 alienaque
690 2885 822 2943 volutato
838 2882 989 2958 suppucia
1005 2883 1036 2941 id

59 2966 144 3039 quod
159 2982 253 3037 unum
268 2966 321 3027 tibi
336 2967 449 3027 bonum
464 2973 607 3042 superest
620 2967 933 3041 repraesentabimus,
956 2982 1034 3026 mor·

56 3058 130 3111 tem.
159 3065 252 3123 quare
262 3049 379 3110 irascar
390 3049 438 3111 cui
451 3067 518 3112 curn
529 3049 659 3111 maxime
671 3057 817 3125 prosum?
829 3051 945 3111 interim
958 3049 1035 3124 opti·

56 3149 140 3194 mum
151 3133 378 3195 misericordiae
390 3151 487 3210 genus
505 3143 553 3195 est
568 3134 716 3195 occidere.
739 3133 772 3195 Si
789 3132 950 3196 intrassem
961 3133 1065 3193 vati-d

55 3217 242 3278 tudinarium
264 3220 447 3279 exercitatus
469 3228 498 3280 et
518 3220 620 3279 sciens
635 3227 687 3279 aut
701 3219 810 3280 domus
826 3218 950 3292 divites,
974 3234 1035 3279 non

54 3301 139 3362 idem
153 3301 354 3377 imperassem
369 3304 509 3365 omnibus
524 3319 580 3378 per
592 3302 715 3363 diversa
725 3302 960 3378 aegrotantibus.
983 3318 1034 3363 va-

54 3382 103 3445 ria
118 3385 148 3444 in
163 3392 208 3447 tot
223 3385 331 3446 animis
346 3387 418 3447 vitia
432 3388 523 3448 video
539 3397 568 3448 et
585 3385 697 3447 civitati
713 3388 865 3447 curandae
883 3385 1035 3447 adhibitus

55 3486 142 3530 sum=
163 3486 219 3546 pro
236 3473 385 3547 cuiusque
398 3471 505 3532 morbo
519 3470 668 3531 medicina
685 3478 855 3547 quaeratur.
892 3471 972 3532 hunc
987 3486 1036 3531 sa-
