2438 3968
68 200 75 209 '
183 215 225 281 ta
472 213 670 274 caunum
693 211 869 273 sannone

183 375 235 427 net
249 364 447 438 verecundia,
461 363 544 424 hunc
559 361 867 438 peregrinationum
882 361 980 436 dolor,
993 361 1082 425 hune
1096 377 1166 441 ege·

154 457 264 522 estas,
284 449 365 509 hunc
378 449 501 509 serrum.
524 448 644 521 ltaque,
666 446 723 506 etsi
738 461 885 520 perversa
899 445 1060 507 induenda
1073 446 1215 545 megi-¹

184 532 290 594 stratui
302 529 396 593 vestis
407 538 437 592 et
449 531 649 593 convocanda
661 531 792 592 classico
804 530 912 592 concio
924 537 981 604 est,
996 494 1215 605 procedam

184 618 215 678 in
231 616 360 677 tribunat
375 631 436 675 non
452 617 556 677 furens
572 630 630 674 nec
644 614 790 682 infestus,
807 614 864 674 sed
879 615 964 674 voitu
977 614 1060 688 legis
1076 623 1109 676 et
1122 614 1171 677 itta

185 701 344 762 sollemnia
360 700 455 760 verba
476 700 537 759 leni
556 698 654 774 magis
674 697 822 772 gravique
844 704 935 772 quarn
955 697 1070 759 rabida
1082 712 1170 778 ‚voce

186 785 356 859 concipiam
371 792 401 843 et
414 784 464 858 agi
478 783 589 843 iubebo
605 799 666 842 non
681 783 791 854 iratus,
811 781 868 840 sed
882 796 1023 842 severus.
1054 789 1087 843 et
1102 797 1171 845 eum

186 869 334 929 cervicem
356 868 449 927 noxio
471 867 628 942 imperabo
650 865 784 941 praecidi
805 872 917 925 etcum
933 865 1112 940 parricidae
1127 867 1171 926 in·

185 969 272 1014 suam
287 955 374 1011 culeo
395 958 426 1011 et
446 965 513 1011 cum
531 951 645 1010 mittam
665 951 695 1009 in
711 949 894 1025 supplicium
909 949 1040 1009 mititare
1055 957 1088 1010 et
1103 964 1171 1011 cum

184 1035 313 1110 Tarpeio
335 1035 520 1109 proditorem
546 1034 706 1095 hostemve
726 1032 880 1108 pubiicum
908 1034 1077 1108 inponam,
1105 1034 1171 1095 siue

186 1121 231 1179 ira
245 1135 282 1178 eo
297 1119 383 1178 voltu
397 1117 558 1192 animoque
573 1134 642 1191 ero,
659 1134 720 1193 quo
736 1124 895 1191 serpentes
911 1125 942 1177 et
954 1116 1105 1179 animalia
1118 1134 1169 1177 ve·

155 1209 295 1267 dnenata
315 1199 463 1275 percutio.
504 1202 689 1275 „iracundia
710 1217 790 1275 opus
811 1207 859 1261 est
878 1200 918 1259 ad
938 1200 1170 1274 puniendum.“

187 1286 285 1362 Quid?
299 1285 353 1346 tibi
367 1287 418 1345 lex
430 1284 550 1345 videtur
564 1285 654 1345 irasci
668 1286 715 1358 iis,
730 1300 808 1360 quus
823 1301 883 1345 non
898 1282 992 1359 novit,
1008 1300 1096 1360 quos
1111 1301 1170 1346 uon

185 1369 269 1442 vidit,
286 1385 365 1445 quos
379 1387 440 1431 non
456 1370 574 1431 tuturos
590 1375 714 1445 sperat?
728 1369 807 1430 iilius
822 1369 925 1442 itaque
937 1370 1116 1431 sumendus
1127 1374 1171 1431 ea

187 1455 320 1527 animuS,
336 1471 417 1530 quae
431 1469 492 1514 non
508 1453 665 1527 irascitur,
687 1453 744 1512 sed
759 1451 923 1514 constituit.
953 1468 1027 1512 nam
1043 1453 1073 1514 si
1086 1453 1169 1515 bono

186 1539 252 1599 viro
269 1539 308 1599 ob
322 1536 553 1600 mala'facinora
567 1537 658 1598 irasci
674 1536 829 1610 convenit,
847 1546 876 1597 et
890 1536 930 1596 ob
945 1538 1110 1598 secundas
1123 1552 1170 1599 rea

186 1624 334 1683 maiorum
347 1621 503 1683 hominum
516 1623 653 1682 invidere
668 1621 837 1683 conveniet.
867 1619 940 1695 quid
955 1620 1038 1681 enim
1060 1629 1113 1683 est
1130 1623 1169 1682 iu-

187 1706 308 1779 dignius
325 1723 415 1780 quam
430 1705 542 1767 florere
554 1705 705 1782 quosdam
717 1713 747 1764 et
758 1720 813 1765 eos
827 1705 1015 1778 indulgentia
1028 1706 1170 1768 fortunae

187 1787 277 1861 abuti,
294 1789 405 1864 quibus
422 1790 502 1849 nulla
516 1798 618 1863 potest
631 1789 706 1849 satis
718 1789 797 1847 mala
809 1788 935 1848 inveniri
947 1788 1097 1849 fortunat
1112 1788 1168 1851 Sed

188 1878 249 1930 tam
265 1871 425 1933 commoda
444 1872 564 1933 illorum
586 1871 652 1930 sine
672 1871 785 1931 invidia
799 1872 915 1933 videbit
935 1887 1028 1946 quam
1051 1875 1170 1935 scetem

158 1955 256 2015 tsine
269 1956 322 2015 ira.
345 1957 450 2016 Bonus
464 1955 557 2016 iudex
569 1956 691 2015 damnat
704 1955 732 2014 in
736 1956 909 2030 probanda,
924 1971 987 2016 non
998 1955 1078 2017 odit.
1095 1954 1169 2031 Quid

190 2046 284 2112 ergo?
304 2055 380 2111 non,
403 2054 470 2099 oum
486 2039 636 2099 eiusmodi
652 2038 766 2114 aliquid
781 2041 905 2115 sapiens
920 2038 1047 2101 habebit
1060 2040 1095 2100 in
1111 2056 1169 2101 ma·

190 2122 295 2195 nibus,
323 2130 463 2197 tangetur
484 2122 602 2183 animus
629 2123 695 2184 eius
716 2124 834 2198 eritque
855 2123 945 2185 solito
967 2125 1170 2187 commotiort

188 2205 308 2266 Fateor.
330 2207 439 2268 sentiet
452 2207 549 2270 levem
565 2209 727 2282 quemdam
741 2214 924 2283 tenuemque
938 2214 1066 2269 motum.
1092 2224 1168 2281 nam,

189 2296 222 2351 ut
237 2289 309 2352 dicit
322 2290 443 2364 Zenon,
459 2294 490 2351 in
506 2295 646 2367 sapientis
660 2308 773 2366 quoque
786 2295 900 2367 animo,
921 2294 1007 2353 eoam
1021 2309 1095 2353 cum
1110 2296 1170 2355 oot-

189 2392 245 2435 ous
257 2382 393 2435 sunctum
407 2381 463 2449 est,
483 2378 611 2436 cicotrrl‘c
623 2384 729 2436 monet.
759 2374 875 2437 Sentiet
894 2377 998 2451 itaque
1013 2377 1169 2452 suspicio

190 2474 245 2519 nes
260 2459 409 2534 quasdam
422 2466 452 2519 et
464 2459 588 2521 umbras
604 2461 792 2520 adfectuum:
809 2461 886 2535 ipsis
903 2459 1027 2535 quidem
1044 2461 1169 2523 amabit

163 2554 179 2608 1
253 2543 346 2603 XVII.
373 2544 554 2605 Aristoteles
576 2543 618 2603 ait
636 2544 772 2617 adfectus
794 2545 950 2620 quosdam,
978 2545 1006 2603 si
1024 2548 1096 2619 quis
1116 2546 1171 2609 oa

190 2627 262 2687 bene
280 2635 392 2701 utatur,
407 2645 468 2702 pro
488 2631 580 2688 armis
598 2646 669 2688 esse.
699 2628 782 2702 quod
803 2629 1021 2699 venumdaret,
1046 2629 1074 2688 si
1092 2630 1171 2691 venit

190 2709 300 2768 bellica
313 2712 512 2772 instrumenta
527 2713 605 2772 sumi
619 2712 794 2786 deponique
808 2718 937 2786 possent
950 2710 1112 2775 induentis
1126 2728 1171 2775 at·

190 2792 290 2851 bitrio.
316 2795 399 2854 Haec
420 2811 503 2854 arma
525 2812 604 2870 quae
618 2797 798 2856 Aristoteles
814 2794 914 2855 virtuti
933 2795 999 2867 dat,
1021 2795 1099 2871 ipsa
1120 2810 1171 2873 pm

192 2891 227 2935 se
239 2884 382 2951 pugnant,
394 2895 453 2938 non
465 2887 645 2954 exspectant
656 2895 785 2952 manum,
798 2888 827 2939 et
840 2878 961 2952 habent,
977 2894 1042 2939 nou
1055 2878 1171 2941 habere

162 2966 247 3020 atur.
269 2960 314 3019 Nil
329 2961 395 3020 aliis
411 2962 616 3024 instrumentis
631 2981 709 3038 opus
725 2971 786 3023 est:
801 2962 876 3023 satis
888 2979 946 3024 nos
961 2961 1114 3027 instruxit
1125 2979 1171 3027 rn-

192 3044 273 3104 tione
289 3050 403 3103 natura.
425 3045 484 3105 hoc
499 3046 582 3107 dedit
596 3048 700 3119 telum,
716 3047 849 3119 firmum,
866 3051 1064 3122 perpetuum,
1082 3048 1172 3111 obse

194 3144 306 3201 quens,
328 3141 385 3185 nec
404 3144 518 3204 anceps
539 3146 596 3190 nec
610 3130 693 3204 quod
713 3130 743 3190 in
759 3131 912 3192 dominum
926 3130 1036 3191 remitti
1052 3136 1172 3206 posset

192 3210 258 3270 Non
281 3212 319 3270 ud
341 3211 562 3284 providendum
583 3220 711 3286 tantum,
733 3214 789 3274 sed
804 3215 844 3274 ad
859 3230 910 3275 res
924 3216 1082 3289 gerendas
1098 3215 1173 3289 aetia
1213 3234 1215 3243 ·

194 3301 242 3352 est
257 3309 311 3367 per
327 3308 361 3352 se
376 3292 444 3368 ipsa
457 3297 543 3358 ratio.
572 3297 681 3356 etenim
697 3298 770 3372 quid
785 3305 832 3358 est
846 3298 966 3359 stultius
983 3315 1077 3372 quam
1093 3300 1173 3363 haut

195 3378 232 3436 ab
248 3377 403 3435 iracundia
417 3387 520 3452 petere
535 3378 734 3454 praesidium,
756 3397 819 3441 rem
836 3383 974 3443 stabilem
991 3382 1031 3441 ab
1047 3383 1174 3459 incerta,

165 3460 314 3522 addetam
330 3459 367 3519 ab
382 3460 490 3533 infida,
506 3479 611 3522 sanam
628 3463 666 3523 ab
678 3472 791 3539 aegra?
813 3465 905 3539 Quid,
922 3464 1004 3539 quod
1021 3469 1063 3528 ad
1080 3468 1174 3533 actio·
