2438 3968
264 280 316 340 DE
331 278 549 339 BREWTATE
563 278 692 338 VITAE.
715 287 758 339 12.
775 287 816 340 13.
969 279 1032 342 209

59 434 104 494 Ne
119 433 188 494 illos
206 433 328 508 quidem
343 432 421 492 inter
436 431 554 493 otiosos
569 431 785 502 numeraveris,
800 434 850 506 qui
865 432 1060 499 1111111116

59 518 167 578 lectica
188 517 247 577 huc
269 525 299 577 11
312 516 383 577 illuc
405 517 506 576 ferunt
522 515 604 575 etad
622 515 883 590 gestationum
898 534 1031 593 suarum,

62 601 152 677 quasi
176 602 320 661 deserere
338 601 406 661 illas
425 616 487 659 non
505 600 608 672 liceat,
631 599 724 660 horas
743 607 916 660 occurrunt.
952 619 1031 677 quos

61 686 184 762 quando
199 686 295 744 lavari
307 685 451 758 debeant,
472 684 594 758 quando
608 691 730 758 natare,
754 684 877 759 quando
891 700 1028 760 coenare,

59 771 137 830 alius
154 770 312 840 admonet,
334 777 364 828 et
376 784 477 843 usque
492 783 529 826 eo
545 768 635 828 nimio
649 769 769 827 delicati
781 767 872 827 animi
883 769 1030 843 languore

21 927 25 930 Δ
61 855 237 926 solvuntur,
253 861 287 912 ut
303 868 359 926 per
374 868 410 912 se
423 852 504 912 scire
518 868 579 912 non
595 853 729 927 possint,
746 869 784 912 an
800 851 943 913 esuriant.
965 855 1028 913 Au·
1045 857 1062 913 7

59 938 110 996 dio
133 937 295 1012 quemdam
316 951 356 994 ex
378 935 529 1008 delicatis,
555 937 583 996 si
606 937 698 996 modo
724 936 852 996 deliciae
872 937 1031 997 vocandae

58 1028 130 1081 sunt
140 1022 233 1081 vitam
244 1029 275 1080 et
286 1020 536 1080 consuetudinem
546 1019 710 1080 humanam
721 1021 896 1094 dediscere,
913 1037 981 1081 curn
992 1036 1032 1081 ex

56 1105 167 1167 balneo
182 1106 259 1165 iuter
274 1120 382 1163 manus
397 1105 494 1163 elatus
507 1104 575 1164 etin
588 1104 664 1164 11111
676 1104 794 1179 ρο11111
807 1113 899 1177 11111,
914 1104 1032 1165 dixisse

57 1189 287 1263 interrogando:
316 1189 401 1262 „ianr
422 1188 567 1247 11111111ι
598 1189 686 1247 Η111
707 1196 739 1248 tu
760 1189 964 1262 ignorantem,
992 1205 1030 1250 an

58 1274 180 1346 sedeat,
205 1280 294 1346 putus
317 1271 397 1331 scire
417 1288 455 1330 an
470 1271 568 1344 vivat,
591 1289 629 1331 an
644 1271 761 1344 videat,
784 1287 821 1330 an
838 1272 956 1333 otiosus
972 1271 1033 1333 sitt

58 1373 119 1416 non
136 1358 225 1416 lacile
241 1356 382 1430 dixerim,
397 1363 497 1416 utrum
511 1356 607 1429 magis
622 1356 776 1427 miserear,
797 1355 824 1414 si
839 1354 899 1416 hoc
912 1356 1031 1430 ignora-

58 1441 115 1512 vit,
145 1457 183 1500 an
205 1440 232 1499 si
252 1441 392 1513 ignorare
414 1456 449 1499 se
471 1439 566 1498 finxit.
602 1440 764 1499 Multarum
786 1440 909 1513 quidem
929 1445 1064 1501 rerumtt

57 1523 243 1585 oblivionem
258 1523 404 1596 sentiunt,
419 1524 475 1583 sed
487 1525 646 1582 multarum
659 1529 688 1581 et
698 1521 859 1584 imitantur.
881 1525 1031 1598 quaedam

56 1607 237 1679 1111111111,
261 1607 349 1681 quasi
370 1607 520 1667 felicitatis
536 1613 727 1681 argumenta,
749 1607 910 1668 delectant.
941 1609 1030 1668 nimis

57 1691 179 1750 humilis
200 1698 230 1750 et
251 1689 417 1765 contempti
436 1690 568 1751 hominis
589 1691 710 1751 videtur
731 1692 811 1750 scire
832 1692 903 1766 quid
925 1691 1030 1752 iaciat:

56 1774 66 1833 i
83 1791 163 1834 nunc
177 1783 206 1835 et
217 1774 327 1834 rnirnos
338 1775 431 1835 multa
442 1773 560 1834 mentiri
571 1776 610 1834 ad
622 1774 866 1850 exprobrandam
881 1776 1031 1836 luxuriam

56 1867 140 1932 puta.
163 1861 252 1934 plura
266 1857 455 1918 mehercules
469 1867 662 1933 praetereunt
678 1875 769 1934 quarn
782 1860 899 1934 fingunt
909 1868 940 1920 et
949 1869 1032 1922 tanta

56 1941 278 2003 incredibilium
300 1942 441 2002 vitiorum
464 1944 554 2017 copia
575 1943 735 2017 ingenioso
751 1943 780 2001 in
797 1943 857 2004 hoc
871 1960 966 2004 unum
982 1961 1030 2004 se·

58 2027 127 2085 culo
144 2026 303 2101 processit,
319 2026 427 2086 utiam
442 2026 601 2086 mimorum
616 2043 745 2101 arguere
759 2028 916 2100 possimus
929 2031 1030 2102 negle-

56 2111 198 2184 gentiam.
231 2126 301 2170 esse
322 2112 469 2184 aliquem,
498 2111 549 2185 qui
569 2127 669 2186 usque
690 2127 727 2170 eo
743 2112 861 2171 deliciis
876 2112 1031 2186 interierit,

55 2202 88 2254 ut
102 2211 141 2253 an
156 2196 263 2255 sedeat
274 2195 358 2254 alteri
372 2196 496 2254 credat?
515 2194 581 2254 Non
593 2203 640 2255 111
652 2210 725 2270 crgo
738 2194 788 2255 hic
801 2198 928 2256 otiosus.
948 2196 1062 2258 aliudtl

55 2292 166 2337 nomen
181 2280 327 2354 inponas:
348 2295 441 2354 aeger
456 2286 517 2354 est,
537 2278 626 2339 immo
642 2285 779 2340 mortuus
794 2287 850 2339 est.
885 2281 938 2339 llle
954 2281 1030 2340 otio·

56 2378 112 2420 sus
127 2369 183 2433 est,
200 2363 248 2422 cui
264 2363 316 2422 otii
331 2364 380 2423 sui
394 2371 423 2423 et
437 2379 550 2423 sensus
565 2372 627 2423 est=
642 2362 692 2423 hic
706 2378 779 2423 vero
792 2364 967 2437 semivivus,
981 2365 1030 2425 cui

55 2445 95 2503 ad
121 2444 342 2520 intellegendos
368 2448 507 2522 corporis
534 2447 583 2506 sui
607 2445 728 2506 habitus
750 2445 851 2506 indice
872 2464 951 2520 opus
973 2455 1029 2508 est.

56 2528 214 2603 quomodo
229 2538 330 2604 potest
343 2529 392 2590 hic
406 2531 498 2590 ullius
514 2531 661 2605 temporis
677 2529 821 2591 dominus
837 2538 930 2590 esse?

118 2612 193 2671 Xlll.
220 2613 365 2688 Persequi
392 2615 530 2689 singulos
550 2615 673 2688 longum
689 2622 751 2687 est,
772 2631 901 2689 quorum
915 2622 967 2674 aut
981 2616 1059 2680 la-1

54 2696 1028 2773 trunculiautpilaautcxcoquendiinsolecorpo-

54 2782 109 2840 ris
131 2795 223 2840 cura
238 2797 460 2856 consumpsere
473 2783 575 2843 vitam.
603 2783 668 2842 Non
684 2790 755 2842 sunt
771 2782 876 2854 otiosi,
900 2800 1029 2857 quorum

54 2866 229 2938 voluptates
256 2867 380 2924 multum
404 2865 516 2940 negotii
541 2866 663 2926 habent.
696 2866 772 2925 Nam
797 2868 837 2928 de
857 2865 916 2927 illis
939 2883 1027 2927 nemo

55 2948 211 3022 dubitabit,
227 2951 298 3023 quin
315 2965 448 3023 operose
460 2950 532 3011 nihil
544 2958 643 3024 agant,
657 2950 721 3024 qui
736 2950 935 3011 literarum
949 2952 1027 3009 inu·

53 3032 179 3092 tilium
196 3033 340 3093 studiis
356 3033 588 3106 detinentur,
606 3051 684 3109 quae
698 3033 757 3093 iarn
775 3035 857 3108 apud
872 3035 1028 3095 Romanos

56 3132 180 3191 quoque
204 3133 314 3191 magna
335 3133 444 3177 manus
467 3125 524 3177 est.
559 3119 743 3179 Graecorum
759 3119 816 3177 iste
831 3119 957 3178 morbus
975 3117 1061 3179 suita

56 3216 218 3274 quaerere,
255 3217 344 3276 quern
375 3217 534 3261 numerum
557 3202 663 3263 Ulixes
688 3202 836 3277 remigum
861 3202 1028 3264 habuisset.

55 3284 139 3358 prior
159 3286 274 3361 scripta
295 3293 380 3346 esset
392 3286 463 3346 llias
485 3302 522 3344 an
539 3284 690 3363 Odyssea.
718 3294 879 3361 praeterea
893 3303 932 3346 an
947 3287 1028 3347 eius-

55 3370 124 3428 dem
140 3377 223 3429 esset
237 3372 380 3431 auctoris.
403 3371 462 3430 alia
477 3369 623 3445 deinceps
639 3369 730 3430 huius
746 3379 852 3445 notae,
868 3388 946 3444 quae
961 3370 1028 3431 sive

54 3453 228 3528 contineas,
249 3455 320 3514 nihil
336 3456 457 3516 tacitam
473 3453 690 3515 conscientiam
705 3456 823 3529 iuvant,
845 3457 910 3515 sive
925 3457 998 3530 prol
1015 3487 1027 3495 -

53 3552 119 3609 ras,
142 3554 203 3597 non
219 3538 338 3600 doctior
351 3539 499 3613 videaris,
516 3539 572 3599 sed
586 3539 752 3600 molestior.
774 3539 856 3599 Ecce
870 3540 1027 3599 Romanos
1040 3544 1059 3598 a

96 3640 196 3680 sannen
211 3642 280 3680 1111.
295 3628 314 3680 l.
835 3632 876 3684 tt
