2438 3968
108 243 391 307 COMUbOELlAM
402 245 591 308 xccmxtm
607 249 834 312 SAPIENTEM
855 250 974 311 1-·1·tt.
1006 247 1059 315 lez

67 397 168 461 eibum
183 401 304 461 deesse.
335 416 403 460 eum
418 398 587 476 sapientem
602 402 738 477 negastis
752 402 905 477 insanire,
916 419 981 463 non
994 418 1059 464 nes.

65 484 144 561 gatis
159 492 190 546 et
203 484 327 545 alienari
341 492 373 545 et
387 501 493 560 parum
508 501 584 546 sana
597 487 690 546 rerba
704 487 839 548 emittere
853 493 884 546 et
898 486 1057 567 quiequid

65 569 113 630 uis
128 567 226 629 morbi
248 568 330 642 cogit
348 568 473 628 audere.
501 585 569 630 eum
585 571 755 646 sapientem
771 572 905 645 negastis
920 586 1057 632 servum

66 669 153 725 esee,
174 652 265 731 iidem
287 669 349 713 non
369 651 419 712 itis
434 653 546 714 infitias
562 662 592 716 et
608 655 779 715 veniturum
795 662 825 714 et
838 655 986 730 imperata
999 656 1058 713 iau

66 744 183 799 uturum
205 742 236 796 et
257 736 455 816 dominopuo
477 737 599 798 servitia
621 746 842 813 praestaturum
863 738 1044 800 ministeria:

65 823 108 883 ita
120 821 240 882 sublato
254 822 315 882 alte
329 821 494 897 supercilio
512 822 541 881 in
557 823 665 882 eadem
680 839 760 898 quae
775 823 867 883 ueteri
882 823 1043 884 deseendi-

65 907 105 967 tis
114 905 237 966 mutatis
251 921 354 968 rerum
367 906 550 966 nominibus.
571 907 642 966 Tale
656 907 761 982 itaque
769 907 883 982 aliquid
899 913 929 967 et
944 907 973 967 in
985 906 1074 968 liubi

22 1010 29 1029 ‘
65 1005 138 1051 esse
150 988 303 1064 suspicor,
320 992 404 1065 quod
419 990 516 1065 prima
530 991 635 1066 speeie
651 991 810 1066 pulchrum
822 998 917 1066 atque
929 991 1056 1066 magni-t

64 1075 157 1136 deum
170 1079 228 1147 est,
243 1088 301 1133 neo
314 1074 453 1135 iniuriam
467 1090 525 1136 neo
536 1075 748 1136 contumetiam
762 1084 957 1151 accepturum
972 1089 1045 1137 esse

64 1159 245 1234 sapientem.
263 1160 390 1219 multum
404 1164 503 1218 autem
518 1159 652 1231 interest,
666 1165 765 1220 utrum
776 1161 946 1235 sapientem
957 1166 1045 1219 extra

64 1240 301 1317 indignationem
320 1258 359 1302 an
381 1249 467 1302 extra
487 1243 625 1304 iniuriam
646 1259 755 1319 ponas.
784 1260 854 1304 narn
874 1242 902 1305 si
916 1243 994 1304 dieis
1008 1242 1046 1304 il·.

64 1325 131 1389 ium
151 1340 252 1402 aequo
279 1326 380 1387 animo
405 1328 550 1400 laturum,
584 1330 699 1389 nullum
724 1328 817 1388 habet
840 1327 1043 1402 privilegium.

66 1409 191 1485 eontigit
210 1409 253 1470 ilii
272 1426 324 1471 res
344 1409 479 1485 volgaris
500 1419 531 1472 et
548 1427 629 1487 quae
643 1412 771 1472 diseitm
785 1411 854 1486 ipsa
868 1410 1046 1472 iniuriarum

64 1494 265 1569 adsiduitate,
286 1492 440 1570 patientie.
475 1495 503 1554 si
517 1511 612 1578 negas
627 1501 824 1570 ae'eepturum
838 1495 992 1568 inimiam,
1009 1493 1045 1555 id
1071 1514 1074 1519 ·

64 1588 113 1642 est
127 1578 278 1640 neminem
293 1576 336 1638 iili
349 1585 566 1654 temptaturum
580 1581 691 1654 faeere,
707 1580 847 1640 omnibus
862 1579 981 1640 retiotis
992 1593 1044 1638 ne-

52 1663 156 1742 gotiis
176 1662 300 1724 Stoieus
319 1661 393 1724 iio.“
423 1663 490 1736 Ego
509 1678 585 1723 vero
600 1664 769 1738 sapientem
789 1680 851 1725 non
866 1661 1076 1739 imaginarios

64 1749 183 1809 honore
196 1747 360 1808 verborum
374 1762 525 1808 exornare
540 1746 692 1820 constitui,
707 1748 764 1809 sed
780 1764 817 1810 eo
832 1751 902 1809 loeo
918 1762 1044 1823 ponere,

65 1848 129 1909 quo
145 1831 228 1892 nulla
242 1831 431 1907 permittatur
451 1831 567 1891 iniuria.
600 1833 676 1908 quid
696 1839 791 1907 ergot
810 1848 901 1893 nemo
922 1833 978 1893 erit
992 1830 1049 1906 qui

65 1919 213 1989 taoessat,
235 1914 288 1990 qui
308 1921 453 1990 temptet?
473 1914 548 1975 nibil.
565 1916 595 1974 in
611 1932 712 1976 rerum
727 1924 908 1977 naturatum
922 1931 1046 1976 eaerum

65 2007 127 2073 est,
151 1999 235 2076 quod
256 2000 438 2074 sacrilegum
459 2014 520 2060 nou
536 2000 683 2074 inveniat,
706 2001 761 2061 sed
780 2017 840 2061 non
856 2001 926 2061 ideo
942 1999 1047 2061 divina

64 2085 164 2144 minus
192 2084 222 2143 in
250 2083 372 2144 sublimi
396 2091 482 2158 sunt,
508 2085 536 2144 ei
562 2085 714 2145 exsistunt
734 2084 789 2160 qui
806 2085 1046 2160 magnitudinem

63 2171 189 2229 multum
208 2169 287 2228 nitra
307 2182 343 2227 se
364 2167 494 2242 positam
515 2185 576 2228 non
596 2170 704 2230 tacturi
724 2169 877 2244 adpetant.
903 2169 1045 2228 lnvoine·

62 2252 159 2314 rabite
179 2259 226 2313 est
245 2268 307 2313 non
323 2252 406 2328 quod
422 2269 483 2312 non
497 2253 618 2326 teritur,
638 2254 696 2313 sed
711 2254 795 2330 quod
816 2269 877 2312 non
898 2253 1048 2313 laediture

63 2352 103 2398 ex
118 2334 178 2395 hae
197 2336 250 2397 tibi
272 2343 344 2397 nota
365 2335 534 2412 sapientem
555 2334 716 2397 exhibebo.
746 2336 901 2412 Numquid
920 2336 1073 2411 dubium

63 2426 127 2494 est,
150 2422 221 2494 quin
236 2420 347 2481 eortius
368 2420 463 2480 robur
476 2421 517 2481 sit
530 2421 615 2494 quod
629 2438 691 2481 non
706 2421 837 2483 vincitur
851 2436 944 2496 quam
959 2420 1046 2493 quod

62 2520 128 2566 non
141 2504 316 2578 lacessitur,
339 2520 408 2564 oum
425 2504 535 2565 dubiae
549 2505 610 2565 sint
623 2506 706 2566 vires
721 2506 913 2580 inexpertae,
936 2510 966 2564 at
979 2518 1042 2563 me·

60 2589 120 2650 rito
146 2588 315 2649 certissima
337 2588 462 2648 firmitas
482 2589 644 2663 habeatur,
671 2605 750 2665 quae
775 2587 874 2650 omnis
900 2588 1044 2648 incursus

62 2671 267 2749 respuitt-sie
284 2681 319 2733 tu
339 2673 508 2746 sapientem
527 2674 660 2733 melioris
676 2673 753 2734 seito
768 2688 839 2732 esse
854 2678 995 2747 naturae,
1015 2673 1043 2732 si

62 2843 160 2900 virum
181 2838 297 2914 dicam,
319 2856 409 2914 quem
428 2840 509 2900 belia
531 2856 590 2901 non
609 2839 753 2915 subigunt
773 2856 830 2901 neo
852 2841 974 2901 admota
993 2839 1042 2901 vis

60 2924 181 2986 hostilis
202 2931 349 2999 exterret,
372 2938 432 2984 non
453 2926 502 2985 oui
522 2924 635 3000 pingue
656 2926 749 2985 otium
764 2932 812 2985 est
824 2923 903 2984 inter
916 2925 1041 2985 desides

60 3009 207 3085 popuios.
235 3009 301 3069 Hoe
322 3008 414 3083 igitur
432 3010 518 3082 dieo,
541 3007 711 3083 sapientem
732 3009 806 3069 nulli
827 3024 898 3069 esse
913 3007 1070 3083 iniuriae5

60 3093 238 3155 obnoxium.
267 3093 372 3167 itaque
394 3108 454 3152 non
474 3091 581 3165 refert,
606 3108 697 3168 quam
717 3095 810 3152 multa
830 3093 858 3152 in
880 3093 965 3153 illum
979 3092 1040 3153 eoi-

59 3178 180 3239 eiuntur
191 3177 268 3249 tela,
283 3191 352 3237 eum
365 3178 405 3237 sit
416 3179 490 3237 nulii
507 3177 718 3254 penetrabilis;
735 3176 890 3253 quomodo
906 3193 1039 3251 quorun·

59 3261 132 3322 dam
151 3260 289 3337 lapidum
309 3262 554 3337 inexpugnabilis
574 3262 662 3322 terro
677 3261 787 3321 duritia
805 3267 853 3320 est
868 3277 925 3321 nee
939 3259 1039 3323 secari

59 3345 187 3407 adamas
206 3351 258 3406 ant
277 3346 364 3406 caedi
379 3347 428 3405 vel
444 3345 541 3406 deteri
557 3353 673 3421 potest,
690 3345 748 3406 sed
762 3343 948 3405 incurrentia
959 3347 1038 3406 uitro

19 3476 24 3485 .
58 3428 203 3491 retundit
227 3429 483 3504 quemadmodmn
494 3431 645 3506 quaedam
659 3447 721 3491 non
737 3436 868 3505 possunt
881 3428 952 3504 igne
966 3446 1038 3488 eon-

58 3512 156 3590 sumi,
180 3514 238 3575 sed
251 3513 374 3575 flamme
388 3513 571 3574 eiroumiusu
581 3515 722 3584 rigorem
737 3528 826 3575 suum
841 3514 1038 3588 habitumque

833 3601 877 3660 ᾖ*
