2438 3968
138 227 200 290 192
350 234 382 292 L.
398 236 545 299 ANNAEI
560 238 738 302 SENECAE
749 243 914 306 DIAL.1X.

138 380 244 476 decem
259 383 377 446 medios
391 389 544 462 usquead
560 393 745 466 suppilcium
760 393 829 455 dies
845 392 913 454 sine
926 391 1113 456 ullasoilioi·

139 463 241 523 tudme
256 467 421 544 exegisset
436 472 600 535 verisimile
614 491 676 535 non
692 484 748 550 est,
765 493 846 551 quae
861 477 909 536 vir
922 476 974 537 ille
988 477 1114 550 dixerit,

109 550 218 644 tquae
240 550 358 626 lecerit,
381 571 473 629 quam
487 557 518 615 in
533 559 696 634 tranquillo
712 559 813 620 luerit.
845 561 986 622 Ludebat
1002 561 1114 622 launn-

140 631 231 705 eulrs‚
247 648 315 696 cum
328 640 461 700 centurio
474 656 582 716 agmen
595 643 794 719 periturorum
806 644 932 705 trahens
943 644 1026 705 illum
1039 661 1115 719 quo·

140 731 201 814 que
226 720 352 780 excitari
372 723 499 785 iuberet.
531 720 660 787 'vocatus
680 727 850 787 numeravit
866 730 1005 789 calculos
1020 737 1050 789 et
1064 744 1113 788 so·

140 800 200 861 dall
215 817 288 864 suo:
315 807 395 880 uide,
412 808 524 883 inquit,
546 827 584 871 ne
592 819 662 888 post
674 818 795 872 mortem
808 829 905 872 meam
919 816 1074 873 medieni
1088 821 1115 872 te

139 888 251 976 vicisse.
284 895 347 950 tum
362 891 500 953 adnuens
516 894 701 955 centurioni:
725 899 818 969 testis,
844 896 959 971 inquit,
982 901 1115 957 err'sono

139 987 186 1033 me
199 975 379 1036 antecedere.
405 977 531 1039 Lusisse
546 987 579 1039 tu
592 979 711 1039 Kanum
726 978 778 1039 illa
791 978 895 1048 tabula
909 987 1024 1054 putas?
1037 980 1113 1040 inlu-

110 1054 190 1119 Ssit.
212 1053 326 1119 Tristes
342 1069 427 1122 erant
437 1062 526 1122 amici
538 1064 626 1122 talem
639 1063 779 1124 amissuri
791 1062 907 1122 virmn=
922 1066 998 1139 quid
1006 1068 1114 1136 moesti,

141 1139 255 1216 inquit,
269 1141 358 1204 estis?
383 1162 432 1206 vos
446 1151 586 1222 quaeritis
601 1166 641 1208 an
655 1151 824 1209 inmortales
837 1151 958 1208 animae
971 1153 1047 1209 sint:
1062 1165 1115 1224 epo

141 1231 202 1289 iam
215 1229 316 1288 sciam.
338 1245 394 1291 neo
409 1230 500 1292 desiit
515 1232 671 1292 veritatem
686 1233 716 1290 in
731 1231 799 1306 ipso
815 1231 1020 1292 finescrutari
1032 1240 1113 1292 etex

112 1312 130 1367 9
143 1318 239 1372 morte
254 1329 311 1373 sua
324 1316 535 1390 quaestionem
548 1317 671 1377 habere.
693 1314 939 1390 Prosequebatur
953 1317 1037 1376 illum
1050 1316 1114 1391 plri-

70 1408 72 1414 '
142 1397 292 1473 losophus
308 1415 383 1460 suus
398 1417 455 1460 nec
469 1402 528 1461 iam
543 1403 649 1475 procul
665 1408 729 1460 erat
742 1399 890 1473 tumulus‚‘
913 1400 944 1458 in
960 1416 1023 1474 quo
1040 1401 1113 1460 Cae-

143 1481 206 1546 sari
221 1482 278 1542 deo
294 1492 399 1546 nostro
414 1486 505 1546 fiebat
522 1485 703 1544 cotidianum
716 1499 845 1543 sacrum.
868 1483 897 1542 ls
911 1486 994 1559 quid,
1006 1484 1113 1558 inquit,

141 1571 246 1640 Kane,
270 1587 348 1631 nunc
369 1567 501 1645 capitas?
522 1577 574 1630 eat
597 1570 743 1644 quaetibi
755 1585 835 1628 meos
851 1565 915 1628 est?
941 1569 1113 1641 Observare,

144 1652 241 1727 inquit
254 1652 375 1727 Kanus‚
397 1657 541 1730 proposui
552 1657 603 1714 itlo
617 1654 791 1714 velocissimo
804 1658 945 1712 momento
958 1671 1000 1712 an
1013 1670 1113 1713 sensu-

144 1754 197 1797 ros
210 1740 248 1796 sit
260 1741 374 1798 animus
387 1743 471 1798 exire
485 1756 525 1798 se.
548 1737 760 1812 promisitque,
776 1735 801 1794 si
819 1735 892 1810 qnid
907 1738 1113 1811 explorasset

146 1820 367 1880 circumiturum
382 1823 497 1881 amicos
509 1829 539 1882 et
548 1821 756 1894 indicaturum,
770 1819 837 1895 quis
851 1828 934 1880 esset
945 1821 1114 1880 animarum

104 1898 252 1965 10status.
279 1903 360 1964 Ecce
374 1907 403 1962 in
418 1906 519 1964 media
532 1900 712 1980 tempestate
726 1901 936 1977 tranquillitas.
960 1919 1035 1963 ecce
1052 1905 1111 1963 ani-

90 2013 92 2022 c
147 2005 215 2049 mus
238 1989 413 2049 aeternitate
429 1989 552 2062 dignus,
580 1990 631 2062 qui
646 1991 738 2050 iatum
754 1987 885 2047 suumin
903 1996 1112 2062 argumentum

146 2073 210 2133 veri
225 2080 329 2146 vocat,
346 2072 397 2148 qui
412 2072 442 2130 in
455 2072 559 2131 ultimo
571 2073 621 2132 illo
639 2073 736 2147 gradu
747 2071 864 2146 positus
877 2079 1039 2132 exeuntem
1051 2072 1113 2130 ani-

147 2173 225 2217 mam
241 2162 453 2232 percunctatur
466 2171 524 2215 nec
540 2173 639 2231 usque
654 2157 693 2215 ad
708 2164 832 2216 mortem
846 2162 970 2227 tantum,
988 2156 1046 2215 sed
1061 2154 1113 2213 ali-

149 2242 220 2317 quid
247 2239 334 2301 etiam
359 2255 399 2299 ex
423 2241 490 2315 ipsa
505 2246 600 2299 morte
615 2241 717 2300 discit:
743 2255 832 2300 nemo
847 2239 959 2300 diutius
975 2240 1113 2314 philoso-

148 2327 269 2402 phatus.
301 2323 364 2384 Sed
388 2341 448 2384 non
468 2325 575 2399 raptim
596 2325 783 2399 relinquetur
797 2340 925 2398 magnus
939 2324 986 2382 vir
1000 2331 1031 2383 et
1046 2339 1112 2383 cum

149 2428 221 2471 cura
236 2409 401 2470 dicendus:
422 2408 560 2468 dabimus
579 2416 608 2468 te
622 2409 651 2466 in
668 2423 787 2469 omnem
801 2407 991 2481 memoriam,
1009 2406 1112 2466 claris-

149 2496 256 2554 simum
273 2499 378 2569 caput,
394 2493 522 2553 Gaianae
537 2493 632 2553 cladis
645 2507 755 2566 magna
770 2492 883 2567 portio!

122 2582 137 2633 1
212 2580 276 2638 XV.
297 2577 358 2638 Sed
373 2576 446 2637 nihil
460 2579 587 2653 prodest
603 2577 739 2651 privatae
752 2575 889 2635 tristitiae
905 2591 1016 2635 causas
1032 2575 1110 2634 abie-

151 2665 240 2724 cisse.
264 2669 395 2735 occupat
409 2662 487 2720 enim
502 2676 728 2734 nonnumquam
744 2659 846 2719 odium
858 2659 979 2733 generis
990 2657 1113 2718 humani

150 2754 180 2806 et
201 2747 331 2806 occurrit
344 2752 388 2805 tot
402 2747 550 2805 scelerum
566 2743 697 2803 felicium
713 2743 815 2817 turba,
839 2759 906 2802 curn
921 2741 1112 2817 cogitaveris,

151 2847 240 2905 quam
256 2829 294 2890 sit
308 2845 376 2887 rara
391 2828 567 2903 simplicitas
580 2835 609 2886 et
621 2843 710 2902 quam
723 2829 825 2901 ignota
837 2824 1009 2887 innocentia
1021 2835 1052 2885 et
1063 2826 1112 2884 vix

150 2930 308 2989 umquam,
324 2911 382 2972 nisi
398 2928 466 2972 cum
481 2913 619 2987 expedit,
634 2912 726 2985 fides,
741 2919 770 2970 et
783 2909 915 2971 libidinis
931 2911 1016 2968 lucra
1030 2910 1112 2969 dam-

150 3015 251 3074 naque
266 2995 377 3072 pariter
391 2996 490 3055 invisa
504 3004 534 3054 et
547 2995 668 3055 ambitio
684 3011 784 3070 usquc
798 3010 835 3055 eo
852 2995 910 3053 iam
925 3009 960 3054 se
975 2993 1040 3054 suis
1052 3009 1111 3052 non

94 3099 98 3106 ·
151 3082 308 3144 continens
322 3081 472 3154 terminis,
487 3088 520 3139 ut
535 3096 589 3154 per
603 3078 816 3153 turpitudinem
829 3077 1003 3152 splendeat=
1017 3076 1114 3152 agitur

151 3168 268 3227 animus
294 3165 324 3224 in
344 3173 462 3226 noctem
484 3171 514 3224 et
528 3166 610 3223 velut
629 3163 745 3223 eversis
760 3162 936 3234 virtutibus,
962 3176 1040 3236 quas
1057 3175 1113 3219 nec

152 3266 277 3323 sperare
302 3249 371 3308 licet
394 3264 450 3308 nec
471 3249 583 3307 habere
604 3247 748 3321 prodest,·
768 3246 910 3305 tenebrae
925 3245 1112 3304 oboriuntur.

120 3333 190 3391 iln
212 3331 789 3406 hocitaquellectendisumus,
815 3324 1113 3402 utomniavolgi

153 3408 1115 3488 vitianoninvisanobis,sedridiculav'ideantur

152 3508 182 3563 et
201 3498 403 3562 Democritum
429 3498 530 3573 potius
555 3499 702 3559 imitemur
727 3514 817 3574 quam
841 3497 1033 3557 Heraclitum.
1065 3496 1114 3554 hic
