2438 3968
199 257 261 321 112
385 259 419 317 L.
439 258 585 318 ANNAEI
607 258 782 318 SENECAE
803 261 905 320 DIAL.
925 261 980 320 vt.

200 432 277 475 sona
293 414 386 489 patris
403 413 442 475 tui
457 413 607 487 gesseris,
634 429 724 487 quem
745 429 806 472 non
825 412 925 472 1111113
945 430 1044 487 quam
1068 416 1180 479 liberos

200 497 341 572 dilexisti,
357 503 486 572 excepto
502 513 539 557 6ο
556 497 637 572 quod
660 513 719 556 non
736 497 865 571 optabas
881 499 1107 572 superstitem:
1129 517 1180 561 nec

200 583 264 642 seio
281 598 318 640 an
333 590 364 642 et
378 582 544 656 optaveris.
573 581 716 655 permittit
735 581 814 639 enirn
825 581 883 639 sibi
896 583 1057 654 quaedam
1076 592 1180 645 contra

198 667 312 727 bonum
325 681 439 726 morem
455 681 565 738 magna
580 664 687 738 pietas.
718 671 844 725 mortem
856 666 896 724 Α.
912 665 1065 727 Cremutii
1083 668 1179 740 Cordi,

199 751 333 825 parentis
356 749 399 808 tui
422 757 568 823 quantum
588 756 720 822 poteras,
740 748 908 808 inhibuisti:
932 758 1112 826 postquam
1132 752 1178 813 tibi

199 835 340 908 adparuit
354 833 431 893 inter
440 831 620 892 Seianianos
633 832 777 893 satellites
788 833 867 891 illam
880 848 971 892 unam
985 842 1104 908 patere
1121 851 1178 896 ser-

200 918 302 977 vitutis
318 918 430 991 lugam,
453 933 514 975 non
533 916 632 975 lavisti
655 916 782 976 consilio
797 915 873 988 61113,
896 916 952 976 361
976 918 1101 978 dedisti
1122 935 1178 979 ma·

200 1019 258 1061 nus
274 1003 353 1060 victa
367 1000 532 1074 fudistique
543 1000 692 1059 lacrimas.
715 1002 814 1074 palam
826 1006 856 1058 et
869 1000 1003 1073 gemitus
1019 1001 1177 1064 devorasti

202 1085 333 1159 quidem,
348 1099 409 1143 non
426 1090 525 1143 tamen
540 1082 626 1142 hilari
641 1084 740 1143 fronte
755 1084 855 1144 texisti
871 1092 900 1142 et
911 1083 972 1143 hoc
987 1085 1043 1144 illo
1062 1088 1176 1159 seculo,

167 1172 185 1224 3
202 1186 262 1243 quo
281 1183 391 1241 magna
401 1168 500 1242 pietas
516 1174 581 1227 crat
591 1167 664 1226 nihil
674 1168 756 1243 inpie
768 1169 883 1227 iacere:
905 1174 938 1226 ut
949 1183 1029 1229 vero
1043 1172 1176 1246 aliquam

202 1250 395 1312 occasionem
416 1253 538 1312 mutatio
554 1251 700 1324 temporis
716 1251 807 1323 dedit,
828 1251 982 1325 ingenium
1004 1256 1111 1328 patris
1131 1255 1175 1326 1111,

202 1336 240 1396 16
256 1351 317 1410 quo
333 1344 484 1409 sumptum
503 1342 567 1396 erat
580 1336 777 1410 supplicium,
790 1336 820 1402 in
838 1336 938 1395 visum
951 1334 1122 1398 hominum
1135 1354 1172 1399 re

201 1420 313 1480 duxisti
334 1426 396 1479 eta
411 1436 484 1478 vera
504 1421 585 1480 illurn
606 1419 767 1479 vindicasti
787 1426 882 1480 morte
904 1435 940 1479 ac
959 1421 1133 1483 restituisti
1150 1423 1173 1481 in

200 1505 324 1578 publica
344 1513 537 1565 monumenta
555 1503 659 1578 111163,
676 1519 755 1578 quos
769 1503 815 1561 vir
828 1503 878 1561 1116
893 1503 1090 1566 fortissimus
1112 1522 1173 1566 sau

200 1588 291 1662 guine
313 1604 370 1648 suo
393 1589 566 1662 scripserat.
596 1585 714 1662 Optime
732 1587 866 1646 meruisti
885 1587 924 1646 de
936 1587 1095 1650 Romanis
1119 1597 1172 1650 stu

200 1672 268 1745 diis,
284 1687 392 1745 magna
407 1672 526 1732 illorum
541 1687 613 1747 pars
625 1678 750 1730 arserat.
780 1670 893 1744 optime
909 1671 948 1730 de
961 1671 1171 1747 posterique

201 1772 280 1829 quos
290 1755 391 1815 veniet
404 1756 578 1830 incorrupta
592 1771 692 1815 rerum
708 1755 785 1814 fides
797 1755 912 1814 auctori
927 1770 985 1814 suo
1002 1772 1123 1831 magno
1136 1756 1171 1815 iu-

200 1846 314 1912 putata.
344 1839 456 1912 optime
471 1840 509 1897 de
525 1840 603 1912 ipso,
625 1840 711 1898 cuius
731 1838 812 1913 viget
824 1837 1001 1912 vigebitque
1016 1840 1170 1912 memoria,

202 1922 344 1995 quamdiu
360 1922 389 1980 11
402 1923 499 1996 pretio
515 1923 603 1982 1116111
612 1923 910 1996 Romanacognosci,
927 1925 1082 1997 quamdiu
1097 1925 1168 2000 quis·

202 2021 292 2080 quam
308 2003 372 2079 6111,
398 2006 450 2081 qui
470 2006 580 2065 reverti
601 2006 673 2065 velit
693 2006 731 2065 ad
753 2016 820 2065 acta
840 2006 998 2078 maiorum,
1026 2009 1171 2083 quamdiu

202 2089 372 2163 quisquam,
391 2089 522 2164 quivelit
537 2089 625 2162 36116,
642 2090 713 2163 quid
723 2090 762 2150 sit
774 2091 821 2148 111
830 2089 997 2163 Romanus,
1017 2094 1100 2166 quid
1108 2092 1169 2154 sub

200 2171 275 2231 actis
302 2173 361 2231 iam
383 2173 552 2233 cervicibus
578 2175 710 2233 omnium
732 2181 762 2233 ct
788 2174 826 2232 ad
846 2171 1043 2234 Seianianum
1075 2177 1171 2252 iugum

200 2256 317 2316 adactis
339 2256 512 2328 indomitus,
535 2257 606 2332 quid
628 2259 667 2318 sit
686 2258 776 2317 bomo
794 2256 925 2332 ingenio,
946 2257 1064 2334 animo,
1088 2275 1171 2320 manu

168 2349 186 2400 4
200 2340 284 2398 liber.
320 2340 460 2415 Magnam
476 2340 648 2401 mehercule
663 2342 872 2401 detrimentum
886 2340 1070 2414 respublica
1089 2358 1171 2421 cepe·

200 2430 254 2497 rat,
273 2425 300 2484 si
310 2424 392 2484 illum
408 2426 447 2484 ob
462 2427 538 2484 duas
553 2441 604 2484 res
619 2425 836 2499 pulcherrimas
850 2423 879 2485 in
897 2425 1091 2487 oblivionem
1108 2443 1172 2490 con:
1191 2452 1199 2479 ι

199 2509 318 2582 lectum,
341 2510 542 2583 eloquentiam
561 2516 590 2568 61
604 2510 779 2580 libertatem,
796 2526 855 2568 non
875 2508 1025 2568 emisses:
1055 2511 1172 2588 legitur,

200 2591 296 2665 floret,
312 2593 341 2651 in
357 2609 465 2652 manus
480 2592 644 2665 hominum,
659 2593 688 2652 in
700 2599 824 2666 pectora
835 2598 975 2665 receptus
987 2600 1173 2656 vetustatem

199 2678 311 2735 nullam
324 2677 422 2736 timet:
444 2685 474 2735 at
493 2677 611 2737 illorum
627 2676 801 2736 carnificum
823 2677 882 2736 cito
898 2676 1018 2736 scelera
1036 2694 1173 2756 quoque,

167 2760 311 2833 bquibus
332 2761 406 2820 solis
427 2760 600 2821 memoriam
622 2769 803 2831 meruerunt,
825 2760 976 2819 tacebunt.
1005 2761 1100 2824 Haec
1117 2780 1173 2824 ma·

199 2844 324 2917 gnitudo
339 2844 429 2903 animi
444 2845 485 2904 tui
498 2845 591 2904 vetuit
604 2860 652 2903 me
667 2845 706 2902 ad
719 2860 825 2903 sexum
839 2851 922 2903 tuum
935 2846 1113 2923 respicere,
1129 2862 1174 2907 ve-

198 2928 253 2986 tuit
266 2928 305 2986 ad
317 2929 440 3001 voltum,
457 2944 547 3004 quem
558 2935 603 2987 tot
616 2944 762 2987 annorum
776 2927 918 2987 continua
930 2928 1065 3006 tristitia,
1082 2939 1173 2995 11166

198 3013 257 3070 mel
272 3011 408 3085 obduxit,
425 3019 513 3072 tenet.
544 3013 667 3081 civile,
685 3029 773 3086 quarn
790 3029 849 3071 non
866 3013 1032 3087 subrepam
1048 3015 1174 3079 tibine:

198 3096 308 3155 lurtum
330 3098 431 3155 lacere
452 3094 620 3155 adfectibus
644 3095 704 3155 tuis
724 3097 868 3169 cogitem:
891 3095 1016 3169 antiqua
1040 3100 1174 3163 malain

198 3180 372 3238 memoriam
389 3180 506 3253 reduxi,
528 3186 558 3238 61
571 3180 617 3239 113
633 3181 712 3239 36116
727 3180 804 3239 hanc
821 3196 944 3254 quoque
959 3180 1093 3256 plagam
1108 3199 1174 3258 essa

198 3263 387 3321 sanandam?
407 3263 526 3325 ostendi
542 3264 593 3323 tibi
610 3281 708 3338 aeque
725 3265 824 3337 magni
838 3263 971 3324 volneris
986 3266 1173 3331 cicatricem.

198 3345 246 3403 alii
269 3347 370 3420 itaque
391 3349 520 3408 molliter
537 3356 627 3422 agant
649 3357 679 3406 et
697 3347 898 3420 blandiantur,
921 3364 980 3422 ego
1001 3352 1174 3429 confligere

198 3443 266 3488 cum
283 3439 334 3490 tuo
349 3448 489 3492 moerore
501 3431 642 3491 constitui
654 3439 683 3491 et
695 3431 838 3490 defessos
852 3432 1095 3510 exhaustosque
1105 3452 1173 3499 ocu·

198 3514 254 3584 166,
271 3515 296 3574 31
313 3531 416 3574 verum
436 3517 492 3588 vis,
515 3516 611 3590 magis
632 3517 691 3574 iarn
712 3531 750 3573 ex
772 3516 995 3576 consuetudine
1017 3528 1170 3593 quamax
