2438 3968
149 267 202 325 alt
226 265 448 327 GALLIONEM
470 268 520 327 DE
539 269 633 327 VITA
650 269 791 334 ΒΕΑΤΑ.
818 277 936 333 itt-20.
982 269 1040 333 155

67 433 182 479 temnas
196 417 278 477 bona
293 418 389 477 verba
403 425 432 477 et
445 417 535 479 bonis
548 417 781 493 cogitationibus
796 421 885 495 plena
896 437 1039 496 praecor-

65 502 124 561 dia.
154 501 322 561 studiorum
343 502 518 562 salutarium
538 503 627 562 etiam
643 502 716 563 citra
733 503 872 564 effectum
888 507 1040 568 laudanda
1134 519 1136 525 '

66 586 202 646 tractatio
229 592 283 644 est.
316 584 392 659 Quid
418 587 540 657 mirum,
567 586 679 646 sinon
705 588 874 649 escendunt
896 589 925 648 in
949 592 1067 652 ultuma

64 670 161 728 ardua
176 670 336 744 adgressi?
357 670 415 729 scd
429 669 456 730 si
472 670 518 728 vir
534 686 584 743 cs,
600 670 739 746 suspice,
755 671 872 732 etiamsi
885 673 1037 747 decidunt,

63 768 173 827 magna
196 753 342 814 conantis.
373 753 528 814 Generosa
548 771 598 814 res
619 761 668 815 cst
688 755 900 831 respicientem
917 773 977 816 non
999 759 1037 818 ad

64 852 153 909 suas,
177 838 232 896 sed
248 838 287 896 ad
303 843 428 896 naturae
449 854 524 898 suae
540 839 619 898 vires
636 839 738 900 conari
753 841 827 912 alta,
847 846 994 914 temptare
1009 849 1040 902 et

63 926 164 980 mente
180 920 294 982 maiora
308 919 485 994 concipere,
500 939 592 998 *quam
610 939 689 998 quae
704 923 791 984 etiam
809 924 921 999 ingenti
936 925 1036 986 animo

64 1005 220 1064 adornatis
247 1005 327 1064 citici
351 1014 490 1079 possunt.
523 1007 577 1080 Qui
598 1007 656 1068 sibi
677 1008 737 1067 hoc
757 1008 935 1083 proposuit:
957 1013 1065 1084 „egoss

62 1095 189 1148 mortem
204 1090 312 1148 eodem
328 1089 420 1164 voltu,
436 1105 503 1150 cunt
519 1108 575 1166 quo
589 1093 718 1166 audiam,
736 1093 855 1153 videbo.
878 1109 935 1167 ego
951 1093 1035 1154 labo-

61 1173 162 1244 ribus,
190 1173 426 1249 quanticumque
451 1173 492 1233 itii
520 1183 621 1248 erunt,
648 1176 761 1251 parebo
784 1177 884 1235 animo
907 1178 1034 1237 fulciens

63 1272 187 1333 corpus.
221 1273 278 1332 ego
307 1258 426 1317 divitias
453 1266 483 1319 et
508 1267 687 1332 praesentes
713 1266 743 1319 et
770 1260 912 1321 absentes
936 1277 1035 1335 aeque

63 1347 269 1414 contemnum,
288 1358 343 1400 nec
360 1342 385 1400 si
400 1340 515 1402 alicubi
528 1344 682 1416 iacebunt,
699 1344 826 1417 tristior,
842 1360 899 1403 nec
913 1345 940 1404 si
956 1346 1036 1404 circa

61 1442 110 1485 me
131 1426 302 1500 fulgebunt,
331 1427 505 1486 animosior.
538 1443 595 1501 ego
619 1430 767 1487 fortunam
789 1441 845 1486 nec
865 1427 1035 1488 venientem

62 1509 193 1569 sentiam
214 1524 271 1569 nec
300 1510 503 1570 recedentem.
542 1527 599 1585 ego
625 1520 721 1571 terras
748 1526 854 1572 onmes
879 1519 1035 1586 tamquam

62 1608 147 1652 meas
167 1593 292 1666 videbo,
317 1609 402 1652 meas
428 1600 580 1669 tamquam
607 1594 749 1655 omnium.
782 1611 839 1669 ego
864 1596 910 1656 sic
933 1596 1033 1656 vivam

63 1677 150 1751 quasi
165 1677 259 1736 sciam
276 1676 342 1736 utils
359 1693 406 1736 me
422 1684 523 1737 natum
540 1687 569 1738 at
584 1686 709 1739 naturae
723 1694 825 1738 rerum
838 1679 897 1740 hoc
911 1680 1034 1740 nomine

61 1761 173 1834 gratias
195 1777 297 1835 agam:
321 1776 381 1835 quo
404 1761 483 1820 euim
503 1764 610 1823 melius
632 1778 744 1838 genero
765 1764 917 1837 negotium
933 1779 1032 1824 meum

60 1860 152 1918 agere
167 1845 284 1919 potuit?
306 1862 396 1905 unum
411 1861 460 1904 me
475 1847 599 1907 donavit
613 1847 762 1920 omnibus,
777 1846 829 1906 uni
841 1847 912 1906 mihi
925 1847 1031 1911 omnis.

62 1928 208 2004 quicquid
234 1928 370 2003 habebo,
396 1945 452 1988 nec
478 1932 603 1991 sordide
631 1931 799 1998 custodiam
819 1947 879 1990 nec
906 1932 1061 2006 prodige4

61 2029 212 2087 spargam.
244 2012 317 2072 nihil
340 2015 436 2087 magis
457 2014 620 2088 possidere
640 2030 690 2074 me
710 2015 831 2074 credam
848 2016 1032 2090 quambene

60 2097 181 2157 donata.
216 2114 276 2156 non
293 2113 417 2157 numero
437 2113 494 2157 nec
509 2100 645 2173 pondere
659 2097 808 2159 beneficia
828 2114 885 2159 nec
898 2100 960 2159 ulla
974 2100 1032 2160 nisi

59 2179 237 2256 accipientis
258 2180 468 2241 aestimatione
488 2184 685 2258 perpendam.
720 2198 885 2257 numquam
908 2183 939 2242 id
960 2181 1031 2243 mihi

58 2267 181 2326 multum
198 2266 262 2335 erit,
280 2266 363 2340 quod
379 2266 489 2340 dignus
505 2267 644 2341 accipiet.
670 2265 742 2325 nihil
759 2266 910 2341 opinionis
928 2281 1030 2340 causa,

59 2349 160 2409 omnia
182 2347 387 2409 conscientiae
408 2350 526 2432 [nciam.
559 2351 675 2426 populo
697 2357 855 2424 spectante
877 2349 944 2411 fieri
965 2366 1029 2410 cre-

59 2433 128 2491 dam
145 2431 290 2507 quicquid
305 2449 353 2491 me
368 2433 492 2494 conscio
510 2434 627 2494 faciam.
651 2434 761 2495 edendi
775 2432 847 2495 mihi
858 2433 915 2494 erit
925 2434 1059 2494 bibon-5

58 2515 152 2590 dique
174 2515 242 2575 iinis
269 2516 422 2577 desideria
444 2525 570 2578 naturae
595 2519 797 2592 restinguere,
825 2534 885 2578 non
913 2517 1030 2592 inplere

58 2601 159 2660 alvum
175 2607 205 2660 et
217 2598 383 2660 exinanire.
413 2617 467 2662 ero
489 2600 593 2662 amicis
615 2601 781 2676 iucunduS,
802 2601 930 2662 inimicis
951 2601 1029 2662 mitis

58 2683 212 2742 etfacilis
243 2683 395 2744 exorabor
415 2693 577 2761 antequam
600 2701 705 2760 roger,
728 2685 865 2745 honestis
887 2686 1029 2760 precibus

57 2783 225 2827 occurram.
260 2767 386 2841 patriam
407 2784 504 2829 meam
528 2786 600 2831 esse
620 2770 765 2830 mundum
782 2770 877 2830 sciam
897 2777 927 2830 ot
941 2786 1029 2845 prae-

56 2853 141 2912 sides
163 2852 251 2912 deos.
287 2851 345 2912 hos
366 2869 462 2927 supra
481 2869 529 2913 me
549 2854 692 2929 circaque
711 2868 759 2912 me
781 2859 862 2913 stare
883 2855 1028 2915 tactorum

57 2936 269 3012 dictorumque
295 2952 450 2996 censores.
485 2938 669 3012 quandoque
691 2945 741 2998 aut
764 2943 870 2997 natura
890 2937 1029 3012 spiritum

55 3027 172 3094 repetat
193 3029 245 3082 aut
264 3021 340 3080 ratio
356 3019 495 3094 dimittet,
516 3029 644 3083 testatus
660 3022 750 3082 exibo
767 3019 878 3081 bonam
892 3037 941 3081 me
956 3037 1028 3082 con-

55 3104 212 3164 scientiam
226 3119 358 3176 amasse,
375 3104 456 3164 bona
470 3105 585 3178 studia,
601 3106 712 3167 nuliius
728 3121 784 3182 per
797 3121 846 3166 me
860 3105 1028 3166 libertatem

55 3187 253 3263 deminutam,
276 3188 396 3248 minime
417 3194 545 3248 meam.“
577 3192 629 3265 qui
652 3190 728 3250 haec
749 3190 850 3248 iacere
866 3199 1027 3264 proponet,

53 3272 151 3341 volet,
175 3273 346 3348 temptabit,
372 3274 412 3332 ad
435 3272 511 3332 deos
534 3272 589 3332 iter
608 3274 712 3334 iaciat:
741 3289 798 3333 nae
820 3275 884 3348 iile,
911 3275 1029 3335 etiarnsi

54 3372 114 3415 non
130 3359 267 3429 tenuerit,

271 3448 272 3451 ’
308 3442 424 3517 nononis
438 3449 535 3502 tamea
551 3442 665 3502 excidit
677 3443 767 3502 cusis.
861 3478 863 3481 -

54 3522 120 3584 Vos
147 3524 282 3600 quidem,
309 3525 393 3601 quod
419 3525 556 3586 virtutem
584 3526 791 3601 cultoremque
817 3528 882 3587 eins
908 3525 1055 3597 odistisd
