2438 3968
231 248 333 308 utut.
352 249 404 308 tv.
432 247 483 308 DE
502 247 572 306 litu
591 246 664 307 Lte.
683 246 718 303 11.
742 253 837 307 1-3.
984 242 1027 311 ω

44 411 126 464 ctus.
158 401 237 462 Inde
251 408 313 473 est,
336 399 418 475 quod
441 397 627 461 adridemus.
636 397 804 460 ridentibus
825 407 856 461 et
870 400 1056 463 contristant

45 503 108 547 nos
128 483 218 545 turbe
237 484 434 544 moerentium
456 491 488 543 et
507 479 736 543 effervescimus
756 484 796 543 ud
817 483 916 545 aliena
931 491 1026 546 certe-

46 573 145 640 mina,
170 583 251 643 quae
270 584 332 629 non
353 575 425 629 sunt
442 565 522 640 irae,
542 583 603 627 non
620 567 717 640 magis
733 583 824 642 quem
837 567 957 634 tristitia
970 575 1026 642 est,

47 669 130 730 quae
150 653 188 721 ad
210 658 408 727 conspectum
429 650 540 712 mimici
554 649 702 725 naulrepii
719 650 868 713 ennuahit
889 653 1027 726 benten,

47 755 112 798 non
127 736 225 812 magis
240 735 449 812 connitimur,
466 735 519 809 qui
532 734 702 794 Hannibale
721 742 793 810 post
810 735 930 798 Connus
943 748 1026 796 moe*-

48 823 100 897 nia
121 819 354 886 circumsidente
375 819 498 880 lectoris
519 818 668 895 percurrit
688 820 816 880 animos.
848 820 906 880 sed
926 819 1029 880 omnia

47 908 109 968 iste
123 912 223 965 notus
238 911 310 964 sunt
324 903 491 964 enirnorum
506 903 622 965 moveri
633 903 800 967 volentium
811 919 867 964 nec
879 904 1028 976 adtectus,

47 991 107 1051 sed
129 988 280 1064 principie
299 985 492 1062 proludentia
510 986 691 1048 adfectibus.
724 987 775 1050 Sic
796 987 875 1048 eninr
890 984 1058 1048 militarist

48 1074 107 1135 riri
127 1074 157 1132 in
178 1071 279 1135 media
299 1087 376 1148 poue
396 1072 456 1132 iam
470 1073 563 1146 togati
578 1088 668 1133 eures
685 1072 758 1134 tuba
772 1072 900 1134 suscitat
914 1087 1027 1147 equos·

48 1174 112 1234 que
124 1163 299 1218 castrenses
308 1156 396 1232 erigit
408 1156 539 1230 crepitus
551 1169 715 1219 erutorum
728 1156 937 1217 Alexandrum
945 1156 1029 1218 aiunt

48 1240 257 1316 Xenophanto
268 1247 395 1301 canente
408 1256 532 1300 menum
546 1241 585 1300 ad
601 1256 686 1302 arma
699 1238 832 1302 misisse.

114 1325 163 1383 ΙΙΙ.
184 1324 263 1384 Nibii
278 1341 318 1384 ex
332 1324 396 1397 bis,
418 1339 497 1397 quoe
512 1324 643 1384 animum
658 1325 779 1385 loruuito
795 1324 958 1400 inpellunt,
974 1325 1054 1386 adel

50 1412 149 1471 fectus
163 1408 268 1469 vocari
282 1408 387 1468 debet:
404 1408 476 1481 iste,
497 1407 584 1468 utile
598 1409 711 1480 dicun,
728 1408 838 1483 patitur
850 1408 949 1483 magis
964 1409 1028 1468 aui-

50 1511 120 1552 nrus
142 1508 233 1567 quam
249 1492 328 1551 iacit.
361 1507 434 1565 ergo
450 1491 588 1551 adfectus
604 1500 725 1551 estnon
741 1492 778 1551 ed
796 1492 914 1553 oblatas
928 1508 1031 1552 rerunt

51 1578 175 1652 species
196 1575 326 1647 moveri,
348 1575 405 1635 sed
426 1575 598 1649 permittere
612 1590 648 1634 se
663 1574 723 1637 illis
736 1582 767 1637 et
779 1575 862 1636 hune
876 1576 1029 1636 lortuiunn

49 1670 166 1722 motum
188 1658 345 1734 prosequi.
378 1658 453 1719 Nam
474 1660 500 1717 si
516 1657 585 1733 quis
600 1661 745 1734 pallorem
761 1667 791 1720 et
804 1660 946 1720 lacrimas
959 1669 1058 1735 pre-2

50 1743 182 1804 ridentis
198 1750 228 1803 et
248 1741 448 1803 imitationem
466 1741 605 1803 humoris
617 1743 765 1804 obscoeni
782 1745 916 1805 attumne
927 1744 1028 1818 suspi-

50 1829 130 1887 rium
146 1834 175 1887 et
190 1828 297 1888 oculos
312 1825 412 1888 subito
426 1826 558 1886 acriores
570 1835 621 1888 aut
632 1827 708 1902 quid
717 1827 765 1888 his
776 1828 873 1888 simile
884 1827 1031 1889 indicium

47 1913 193 1975 adfectus
206 1911 359 1986 uniruique
373 1910 493 1986 sigum
507 1918 600 1986 putet,
617 1912 728 1972 tollitur
742 1925 800 1971 nuc
812 1912 948 1987 intelligit
962 1928 1028 1973 cor-

51 1995 140 2072 poris
157 1995 214 2065 bes
236 2011 308 2057 esse
329 1996 445 2070 pulsus.
478 1994 582 2069 itaque
604 2002 633 2055 et
653 1995 838 2057 fortissimus
853 1998 1060 2072 plerumqnee

51 2083 99 2140 vir
113 2079 185 2143 dum
200 2087 346 2153 armatur,
369 2079 515 2154 expalluit
529 2087 559 2140 et
577 2079 666 2154 signo
680 2095 804 2154 pugnae
817 2081 887 2140 dato
904 2082 1029 2142 ferocis·

51 2164 131 2225 simo
151 2163 236 2226 nriiiti
254 2166 381 2239 paulurn
399 2178 500 2237 genua
519 2171 705 2225 tremuerunt
724 2170 754 2224 et
773 2181 884 2239 magno
899 2165 1028 2239 impera-

50 2249 130 2317 tori,
148 2255 310 2322 antequem
331 2249 466 2308 intense
486 2247 570 2308 ecies
589 2246 764 2322 arietarent,
785 2263 839 2308 cor
859 2249 982 2309 exsiluit
1001 2256 1032 2308 et

51 2331 169 2393 oratori·
193 2331 460 2407 eloquentissimo,
486 2331 557 2394 dum
579 2332 619 2392 ed
645 2331 809 2393 dicendum
828 2332 1029 2407 componitur,

52 2431 173 2476 summa
186 2417 350 2490 riguerunt.
377 2415 428 2477 lra·
444 2431 504 2481 non
519 2414 637 2476 mereri
650 2423 763 2476 tanturn
779 2415 884 2485 debet,
907 2416 963 2476 sed
978 2418 1061 2476 err-t

51 2514 195 2560 curreres
214 2508 261 2564 est
275 2499 355 2560 enirn
370 2498 502 2574 inpetus.
527 2515 693 2574 numquam
715 2508 814 2561 autern
829 2500 950 2575 inpetus
964 2501 1031 2559 sine

51 2584 191 2644 adsensu
204 2584 317 2644 mentis
329 2592 385 2645 est.
406 2597 508 2658 neqrre
524 2583 603 2643 enim
614 2583 681 2644 ueri
695 2591 809 2659 potest,
821 2593 855 2645 ul
868 2585 907 2644 de
918 2584 1034 2642 ultione

52 2675 86 2727 et
101 2681 202 2741 poene
216 2674 323 2744 anatur
338 2668 440 2729 enimn
460 2667 631 2728 nesciente:
653 2669 770 2742 putav-il
790 2683 825 2727 se
842 2668 953 2742 aliquis
969 2668 1031 2729 lee-

52 2767 142 2822 euru,t
154 2751 249 2812 voluit
262 2752 382 2825 ulcisci,
398 2750 597 2811 dissuadente
610 2751 713 2826 alique
727 2767 821 2811 cause
834 2752 933 2812 stetim
947 2767 1031 2812 rese·

51 2835 112 2895 dit:
135 2834 214 2896 banc
228 2837 303 2896 iram
318 2850 490 2906 nonvoco1
511 2835 601 2912 [voco]
616 2844 730 2896 motum
745 2835 836 2897 enimi
854 2836 963 2896 rationi
977 2852 1030 2911 pa*

51 2925 179 2980 rentem.
205 2919 319 2980 illaesi
334 2919 388 2992 ira,
404 2935 485 2994 quae
498 2919 646 2980 rationem
660 2918 814 2993 transsiiit,
831 2936 911 2995 quae
926 2935 1035 2979 seeum

50 3003 142 3078 rupit.
156 3019 231 3079 ergo
243 3003 342 3080 primu
355 3003 407 3065 ille
420 3001 543 3078 agitatio
556 3003 656 3076 animi,
668 3019 759 3077 quarn
771 3005 893 3078 species
906 3002 1062 3064 iniurieet

52 3087 192 3161 incussit,
206 3104 267 3148 non
283 3088 379 3162 mergis
391 3088 494 3150 ineest
506 3103 596 3163 quam
610 3088 679 3162 ipsa
693 3087 820 3148 inituim
831 3087 968 3163 species:
983 3086 1034 3146 ille

52 3186 191 3246 sequeus
205 3170 337 3247 inpetus,
353 3173 409 3247 qui
419 3172 554 3247 speciem
568 3170 699 3232 iniuriae
707 3189 770 3232 non·
780 3179 897 3233 uncum
905 3172 1035 3247 accepit,

52 3247 115 3314 sed
128 3254 326 3330 adprobavit,
340 3256 388 3316 ira
399 3264 460 3329 est,
483 3254 646 3317 concitatio
662 3256 752 3315 animi
767 3258 807 3317 ad
820 3256 964 3318 ultionem
979 3273 1033 3317 nu

52 3341 171 3401 luntate
190 3346 221 3399 et
239 3340 353 3405 iudicio
373 3341 537 3415 pergentis.
568 3357 736 3414 numquenr
753 3341 940 3401 dubiumcst
961 3341 1033 3416 quin

53 3422 146 3484 timor
161 3424 266 3498 sugam
277 3424 406 3497 babeat,
425 3425 469 3484 iru
483 3425 627 3499 inpetum.
649 3425 721 3483 vide
735 3440 807 3499 ergo
823 3442 861 3484 en
876 3432 966 3500 putes
981 3424 1034 3484 ali-

53 3506 131 3582 quid
146 3507 212 3568 sine
226 3509 362 3571 adsensu
375 3508 484 3571 mentis
498 3516 551 3568 aut
564 3508 625 3583 peti
641 3524 737 3583 posse
751 3516 802 3570 aut
817 3508 928 3569 canteri.
