2438 3968
185 239 246 308 loo
356 240 390 298 L.
412 240 557 299 ANNAEI
580 238 754 300 SENECAE
777 240 878 300 DlAL.
894 241 975 300 vlll.

152 393 340 466 ⁴Quomodo
355 408 462 452 navem
485 408 629 468 quassam
650 409 708 452 non
732 394 897 454 deduceret
910 395 941 453 in
956 411 1054 469 mare,
1082 411 1160 471 quo·

181 479 272 538 modo
294 492 403 536 nomen
423 476 453 535 in
473 477 605 536 militiam
626 493 687 537 non
710 478 795 537 daret
815 477 939 553 debilis,
965 478 1011 538 sic
1032 479 1073 538 ad
1093 480 1159 552 iter,

182 562 265 636 quod
280 560 411 620 inhabile
427 560 517 633 sciet,
539 577 599 621 non
615 562 751 621 accedet.
772 559 877 620 Potest
890 576 964 636 ergo
980 568 1010 621 et
1023 562 1091 634 ille,
1110 563 1160 623 cui

180 645 280 706 omnia
295 644 395 705 adhue
410 644 439 703 in
455 642 572 719 integro
592 653 676 718 sunt,
703 652 864 718 antequam
885 646 961 705 ullas
983 647 1161 720 experiatur

180 734 393 804 tempestates,
415 728 529 798 intuto
552 727 720 788 subsistere
736 736 766 789 et
788 729 926 804 protinus
942 729 1159 790 commendare

181 829 216 874 se
229 813 312 874 bonis
328 811 444 873 artibus
460 820 491 872 et
503 812 533 870 in
549 812 608 872 illis
623 812 743 871 beatum
760 812 853 874 otium
867 812 1000 888 exigere,
1015 812 1158 873 virtutum

147 897 293 971 ocultor,
319 911 398 969 quae
422 897 559 954 exerceri
584 896 674 956 etiarn
696 894 892 970 quietissimis
914 903 1057 972 possunt.
1091 897 1159 957 Hoc

180 995 290 1055 nempe
311 980 349 1039 ab
365 979 486 1038 bomine
507 978 651 1054 exigitur,
676 986 709 1040 ut
723 980 821 1054 prosit
834 979 1023 1054 hominibus,
1050 980 1159 1041 silleri

181 1071 296 1139 potest,
318 1063 434 1137 multis,
457 1063 483 1122 si
498 1063 611 1135 minus,
634 1063 758 1137 pauciS,
782 1065 808 1123 sl
822 1063 936 1138 minua,
953 1063 1118 1138 proximis,
1132 1065 1159 1124 si

181 1148 296 1219 minus,
313 1146 381 1207 sibi.
412 1163 482 1206 nam
498 1162 564 1206 cunr
581 1163 616 1206 se
630 1147 732 1206 utilem
748 1146 980 1221 ceteris-elficit,
996 1164 1159 1209 commune

181 1232 242 1307 agit
265 1231 429 1306 negotium.
459 1232 613 1305 quomodo
641 1231 692 1306 qui
718 1246 752 1290 se
777 1230 957 1292 deteriorem
984 1232 1070 1306 lacit,
1096 1248 1158 1292 non

180 1315 237 1375 sibi
256 1315 464 1376 tantummodo
483 1322 587 1388 nocet,
608 1315 664 1373 sed
685 1314 772 1374 etiam
797 1316 938 1375 omnibus
958 1316 1020 1390 eis,
1045 1316 1158 1391 quibus

180 1399 286 1460 melior
300 1399 397 1459 lactus
413 1399 564 1474 prodesse
578 1398 743 1474 potuisset,
759 1399 804 1458 sic
819 1399 959 1473 quisquis
974 1398 1055 1459 bene
1069 1400 1110 1459 de
1124 1415 1159 1459 se

179 1493 326 1555 meretur,
351 1482 411 1543 hoc
431 1483 499 1557 ipso
522 1481 589 1543 aliis
609 1482 752 1556 prodest,
779 1482 862 1557 quod
883 1482 941 1542 illis
964 1485 1176 1557 prolaturum·

182 1575 277 1640 parat.

151 1661 167 1712 1
239 1651 290 1708 lV.
313 1652 380 1728 [31]
402 1650 485 1710 Duas
505 1651 697 1725 respublicas
715 1651 813 1709 animo
831 1651 1069 1725 complectamur,
1085 1652 1154 1711 alte·

181 1749 243 1792 ram
268 1749 406 1808 magnam
429 1739 459 1792 et
479 1749 551 1792 vere
576 1734 742 1808 publicam,
769 1751 829 1809 qua
852 1734 883 1793 di
904 1739 997 1809 atque
1017 1733 1156 1794 homines

181 1817 386 1890 continentur,
401 1817 431 1875 in
447 1833 508 1890 qua
523 1834 583 1880 non
600 1817 734 1877 adhunc
750 1818 892 1892 angulum
906 1815 1092 1894 respicimus
1108 1821 1158 1877 aut

150 1917 153 1922 ’
182 1901 220 1959 ad
242 1901 339 1971 illum,
366 1900 421 1960 sed
441 1901 586 1961 terminos
607 1900 735 1961 civitatis
755 1910 878 1962 nostrae
901 1918 969 1963 cum
990 1903 1058 1962 sole
1072 1900 1158 1962 meti·

182 2000 260 2044 mur:
285 1985 416 2056 alteram,
431 1984 480 2043 cui
494 2001 552 2045 nos
567 1984 732 2060 adscripsit
745 1986 884 2046 condicio
900 1985 1058 2046 nascendi.
1081 1985 1157 2045 haec

181 2076 232 2129 aut
246 2067 476 2138 Atheniensium
497 2067 553 2128 erit
573 2077 625 2128 aut
640 2070 944 2144 Carthaginiensium,
965 2074 1019 2129 aut
1032 2069 1156 2128 alterius

182 2152 309 2212 alicuius
336 2150 436 2224 urbis,
463 2168 542 2226 quae
567 2170 626 2214 non
648 2152 688 2212 ad
709 2152 807 2214 onmis
832 2152 983 2228 pertineat
1007 2153 1156 2224 homines,

182 2236 238 2294 sed
255 2236 294 2296 ad
311 2242 421 2295 certos
448 2236 575 2309 Quidam
595 2237 703 2296 eodem
723 2246 861 2312 tempore
874 2236 996 2312 utrique
1013 2236 1156 2311 reipubli-

182 2336 236 2379 cae
253 2322 324 2380 dant
339 2336 479 2393 operam,
503 2321 608 2380 maiori
628 2320 813 2396 minorique,
835 2320 959 2395 quidam
973 2326 1090 2380 tantum
1104 2320 1157 2380 mi-

152 2405 261 2474 toori,
285 2403 407 2479 quidam
429 2410 543 2464 tantum
565 2404 679 2464 maiori.
707 2404 784 2464 Halo
805 2403 912 2464 maiori
925 2403 1114 2478 reipublicae
1128 2409 1158 2462 et

182 2490 212 2546 in
227 2488 288 2548 otio
305 2486 462 2547 deservire
477 2504 658 2564 possumus,
675 2487 766 2547 immo
784 2503 858 2547 vero
873 2488 979 2548 nescio
994 2505 1033 2547 an
1048 2488 1079 2546 in
1096 2487 1156 2548 otio

181 2572 302 2646 melius,
324 2580 357 2631 ut
372 2587 569 2647 quaeramus,
585 2572 658 2647 quid
673 2572 712 2631 sit
724 2573 836 2644 virtus,
852 2589 914 2631 una
927 2572 1074 2648 pluresne
1088 2572 1157 2631 sint

181 2665 289 2716 natura
309 2674 346 2715 an
368 2673 418 2715 ars
445 2656 543 2717 bonos
562 2657 645 2716 viros
667 2656 765 2715 laciat.
793 2672 886 2715 uniam
909 2659 948 2717 sit
970 2655 1046 2728 hoc,
1073 2654 1155 2732 quod

182 2740 276 2799 maria
289 2747 448 2814 terrasque
463 2747 494 2799 et
507 2741 581 2799 mari
596 2756 633 2799 ac
647 2740 733 2798 terris
754 2741 869 2799 inserta
884 2739 1100 2814 conplectitur,
1118 2754 1156 2799 an

182 2824 274 2883 multa
304 2823 454 2883 eiusmodi
489 2840 619 2897 corpora
650 2822 726 2883 deus
751 2823 908 2898 sparserit.
950 2822 1097 2884 continua
1119 2822 1158 2882 sit

183 2906 281 2967 omnis
302 2914 331 2966 et
351 2908 443 2982 plena
467 2907 607 2977 materia,
632 2922 671 2966 ex
695 2924 755 2981 qua
780 2907 1093 2982 cunctagignuntur,
1118 2922 1156 2966 an

183 2992 305 3052 diducta
325 3000 354 3052 et
379 2991 486 3052 solidis
512 2991 601 3051 inane
625 2995 806 3066 permixtum
829 2990 878 3050 sit.
913 2991 991 3052 deus
1016 2991 1156 3055 desidem

183 3092 263 3150 opus
285 3092 372 3136 suurn
395 3082 527 3150 spectet,
547 3091 585 3134 an
608 3082 721 3135 tractet.
749 3081 888 3136 utrumne
909 3076 1101 3137 extrinsecus
1116 3074 1157 3134 illi

182 3160 385 3237 circumfusus
405 3160 459 3233 sit,
480 3176 519 3219 an
539 3160 592 3220 toti
613 3159 735 3218 inditus.
766 3159 934 3220 inmortalis
955 3159 996 3222 sit
1014 3161 1157 3232 mundus,

183 3258 220 3300 an
242 3243 319 3303 inter
339 3245 456 3303 caduca
480 3252 510 3304 et
531 3245 571 3303 ad
590 3250 710 3317 tempus
733 3251 804 3304 natu
828 3244 1047 3304 numerandus.
1073 3244 1157 3304 llaec

183 3324 236 3422 qai
251 3329 480 3469 contemplatur,
495 3328 568 3389 auid
582 3328 641 3387 deo
656 3334 811 3401 praestatt
829 3343 868 3388 ne
878 3334 961 3389 tanta
975 3327 1043 3389 eius
1062 3342 1157 3404 opera

184 3425 252 3469 sme
279 3418 344 3470 este
358 3418 426 3470 smt.

153 3502 170 3557 1
242 3494 280 3554 V.
314 3493 455 3554 Solemus
474 3494 576 3555 dicere
593 3511 743 3556 summum
763 3474 877 3558 bonum
894 3509 967 3558 esse
985 3496 1155 3558 meandum
