2438 3968
141 236 204 300 286
410 237 443 295 L.
465 234 612 294 ANNAEI
635 233 809 294 SENECAE

144 391 224 467 quit,
245 390 354 462 Cinna,
377 393 482 449 ibrum
504 389 555 461 do,
572 390 662 462 priate
677 388 766 461 besti,
787 405 866 448 nunc
886 389 1056 448 insidentem
1079 406 1116 450 ac

141 475 326 550 pern'ctdoe.
362 474 413 532 Ex
428 473 571 533 hodierno
587 473 636 532 die
650 474 729 532 inter
747 488 800 532 uos
824 474 956 532 omicida
980 474 1115 548 iucem.

143 559 366 629 contendamus,
391 563 491 616 aarum
509 571 563 630 epo
582 558 702 616 meb'ore
716 556 777 628 fide
796 558 885 615 mmm
904 556 958 616 tetri
979 557 1115 617 dederim

104 659 184 712 non
197 647 230 702 tu
243 642 360 702 debeas.
387 639 460 700 Post
473 639 534 699 hoc
549 637 656 698 detulit
670 640 749 699 ultro
766 640 956 699 consulatum
973 646 1112 714 questus,

145 725 228 801 quod
244 742 306 785 non
320 724 447 784 auderet
460 731 574 798 petere.
602 722 820 782 amicissimum
837 722 1115 799 fidelissimumque

142 809 256 869 habuit.
286 807 378 868 heres
400 807 487 867 solus
506 807 562 866 luit
580 805 632 865 illi.
659 806 749 865 nullis
772 806 901 881 amplius
930 805 1052 866 insidiis
1075 807 1114 867 ab

142 893 205 954 ullo
221 892 332 967 petitus
346 897 404 950 est.

115 995 131 1045 1
205 977 242 1036 X.
263 975 383 1051 Ignovit
403 974 520 1034 abavus
540 980 610 1033 tuus
632 973 730 1032 victis.
759 990 828 1033 nam
848 974 875 1034 si
894 990 956 1034 nou
976 975 1113 1049 ignovis-

143 1069 205 1133 set,
229 1060 339 1135 quibus
354 1059 558 1132 imperasset?
580 1056 754 1117 Sallustium
769 1066 799 1119 et
814 1056 961 1118 Cocceios
982 1065 1014 1118 et
1032 1057 1112 1117 Deil-

143 1145 202 1204 lios
220 1149 357 1204 ettotam
378 1141 534 1202 cohortem
554 1141 670 1216 primae
689 1141 885 1202 admissionis
905 1158 945 1202 ex
965 1141 1113 1201 adversa·

143 1228 257 1289 riorum
284 1223 393 1286 castris
422 1224 614 1300 conscripsit.
657 1224 716 1284 iam
743 1225 907 1298 Domitios,
938 1225 1113 1299 Messallas,

143 1310 283 1383 Asinios,
300 1309 461 1370 Cicerones
477 1314 507 1369 et
522 1308 669 1383 quicquid
684 1307 768 1368 floris
783 1311 813 1368 in
830 1309 950 1369 civitate
961 1316 1034 1382 erat,
1053 1309 1111 1368 cle-

145 1396 274 1456 mantiae
295 1409 370 1454 suae
391 1392 530 1453 debebat.
565 1393 666 1467 ipsum
690 1392 839 1468 Lepidum
864 1393 1013 1468 quamdiu
1034 1391 1113 1452 mori

144 1496 259 1556 passus
274 1485 342 1539 estt
368 1493 424 1552 per
443 1479 554 1537 multos
568 1492 666 1536 annos
680 1478 747 1537 tulit
769 1484 945 1538 ornamenta
963 1475 1113 1552 principis

142 1565 322 1624 retinentem
346 1567 375 1620 et
402 1560 608 1635 pontificatum
632 1560 796 1621 maximum
821 1559 966 1622 nonnisi
991 1569 1111 1621 mortuo

143 1649 195 1709 illo
207 1645 363 1707 transferri
384 1644 413 1704 in
430 1660 465 1705 se
488 1660 602 1720 passus
621 1652 677 1705 est.
706 1645 809 1705 maluit
822 1646 901 1704 enim
915 1646 998 1704 illum
1014 1644 1111 1705 hono·

115 1743 207 1795 arem
221 1730 325 1790 vocari
341 1745 431 1805 quam
449 1728 590 1804 spolium.
625 1729 709 1788 Haec
729 1745 798 1788 eum
820 1728 977 1789 clementia
999 1729 1039 1789 ad
1063 1745 1111 1788 sa-

143 1814 236 1874 tutem
250 1813 505 1887 securitatemque
526 1811 675 1887 perduxit.
704 1812 781 1872 haec
800 1820 918 1887 gratum
937 1827 973 1872 ae
991 1813 1111 1873 lavora-

143 1897 233 1957 bilem
249 1895 395 1966 reddidit,
411 1899 549 1971 quamvis
563 1896 699 1955 nondum
714 1894 849 1956 subactis
860 1896 966 1972 populi
980 1895 1111 1957 Romani

144 1980 315 2040 cervicibus
333 1995 454 2038 manum
475 1977 673 2053 inposuisset.
709 1979 786 2039 haec
804 1980 958 2055 hodieque
975 1987 1112 2055 praestat

76 2136 78 2142 Ι
113 2063 184 2130 silli
200 2064 325 2136 lamam,
342 2078 422 2138 quae
435 2062 488 2120 vix
502 2061 580 2121 vivis
597 2061 785 2138 principibus
802 2063 904 2123 servit.
926 2063 1025 2123 Deum
1039 2079 1112 2123 esse

143 2164 205 2208 non
229 2157 382 2221 tamquam
405 2145 481 2205 iussi
507 2145 667 2207 credimus.
697 2148 821 2221 [bonum
846 2163 917 2208 esse
942 2148 1111 2223 principem

142 2234 337 2307 Augustum]
359 2231 438 2291 bene
453 2228 495 2289 illi
510 2230 692 2291 convenisse
706 2231 841 2306 parentis
856 2247 965 2292 nomen
982 2232 1112 2292 latemur

75 2362 77 2369 .
144 2315 183 2378 ob
199 2316 311 2376 nullam
326 2314 414 2374 aliam
431 2329 569 2387 causam,
595 2331 686 2390 quam
710 2315 794 2390 quod
814 2317 1012 2376 contumelias
1034 2331 1110 2390 quo-

144 2415 205 2476 que
219 2415 308 2472 suas,
325 2414 404 2474 quae
418 2397 593 2458 acerbiores
608 2399 797 2475 principibus
812 2402 912 2460 solent
928 2415 999 2460 esse
1018 2415 1111 2474 quam

142 2482 284 2556 iniuriae,
300 2484 383 2543 nulla
400 2482 577 2542 erudelitate
592 2483 827 2557 exsequebatur.
851 2485 934 2558 quod
949 2483 1110 2559 probrosis

142 2567 172 2626 in
189 2582 224 2626 se
239 2566 328 2628 dictis
348 2564 469 2640 adrisit,
493 2564 576 2640 quod
593 2567 666 2626 dare
688 2566 772 2628 illum
793 2583 910 2643 poenas
931 2567 1111 2643 adparebat,

143 2665 212 2710 cum
237 2650 387 2724 exigeret,
416 2649 499 2725 quod
522 2666 732 2726 quoscumque
758 2651 797 2712 ob
825 2653 1004 2712 adulterium
1030 2651 1110 2710 filiae

143 2748 219 2794 suae
233 2733 445 2805 damnaverat,
469 2733 546 2792 adeo
563 2749 624 2793 non
640 2733 764 2808 oceidit,
786 2742 819 2796 ut
833 2735 968 2796 dimissis
984 2752 1045 2811 quo
1065 2743 1109 2794 tu-

113 2816 235 2878 ltiorcs
251 2822 356 2877 essent
375 2817 540 2892 diplomata
563 2817 663 2877 daret:
691 2817 751 2878 hoc
773 2827 820 2880 est
841 2820 1016 2895 ignoscere,
1040 2834 1110 2878 cum

142 2900 223 2962 scias
235 2900 346 2960 multos
362 2901 496 2972 tuturos,
519 2900 571 2976 qui
585 2907 687 2975 prote
703 2900 874 2963 irascantur
895 2910 925 2964 et
937 2902 991 2964 tibi
1009 2902 1109 2962 abeno

142 2983 291 3061 sanguine
315 2983 537 3058 gratificentur,
560 3000 621 3046 non
647 2986 720 3045 dare
747 2994 861 3048 tantum
886 2987 1030 3059 salutem,
1054 2985 1110 3046 sed

142 3075 309 3143 praestare.
346 3068 430 3128 Haec
443 3069 603 3142 Augustus
619 3085 715 3129 senex
731 3078 782 3131 aut
796 3072 855 3130 iam
869 3071 901 3131 in
921 3077 1110 3131 senectutem

141 3153 228 3212 annis
242 3151 445 3226 vergentibus.
467 3153 497 3210 in
509 3152 716 3213 adulescentia
730 3153 834 3228 caluit,
854 3154 929 3216 arsit
943 3153 998 3229 ira,
1017 3153 1110 3213 multu

141 3234 224 3307 lecit,
248 3235 288 3296 ad
303 3250 381 3310 quae
395 3234 510 3297 invitus
526 3237 634 3297 oculos
647 3239 853 3313 retorquebat

114 3326 128 3376 t
201 3319 252 3377 Xl.
275 3318 450 3394 conparare
468 3336 557 3380 nemo
577 3322 801 3382 mansuetudini
828 3331 899 3382 tuae
919 3321 1043 3384 audebit
1065 3318 1109 3379 di-

142 3401 404 3476 vumAugustum,
431 3403 547 3464 etiamsi
563 3403 593 3463 in
608 3411 760 3465 certamen
771 3406 946 3467 iuvenilium
960 3419 1110 3466 annorum

141 3484 303 3547 deduxerit
318 3493 506 3548 senectutem
521 3489 590 3563 plus
607 3505 699 3563 quam
714 3498 875 3552 maturamt
901 3490 991 3551 luerit
1005 3487 1110 3549 mode·
