2438 3968
197 260 259 322 208
395 259 429 318 L.
447 258 593 319 ANNAEI
615 258 789 320 SENECAE
809 261 912 321 DiAL.
923 261 961 320 X.

413 360 421 389 t

197 413 245 472 vis
266 412 306 471 ab
323 410 462 472 omnibus
476 409 676 483 recesserint,
698 409 756 469 sibi
771 410 830 486 ipsi
846 410 966 471 molesti
981 419 1067 472 sunt:
1092 431 1165 489 quo·

197 513 264 557 rum
278 512 339 556 uon
356 495 456 555 otiosa
464 495 528 553 vita
538 493 670 553 dicenda
680 501 741 566 est,
757 494 813 553 sed
824 495 982 555 desidiosa
993 497 1165 570 occupatio.

197 581 324 640 lllnmtu
335 579 465 639 otiosum
475 593 571 637 vocas
583 578 635 652 qni
650 576 862 649 corinthia,
882 594 1052 653 paucorum
1065 582 1166 640 lurore

198 663 348 738 pretiosa,
370 662 461 722 anxia
478 659 642 722 subtilitate
655 661 817 721 concinnat
829 669 860 720 et
880 663 1027 723 maiorem
1046 664 1164 724 dierum

198 755 314 823 partem
330 745 362 805 in
378 744 571 820 aeruginosis
584 743 712 805 lamellis
728 746 899 806 consumitt
922 745 974 821 qui
995 747 1032 805 in
1058 764 1165 809 cero·

197 839 296 891 mate
310 838 408 906 (nam,
436 845 492 904 pro
513 827 647 901 lacinus,
668 845 709 889 ne
721 828 867 889 Romanis
883 831 1005 904 quidem
1021 830 1104 892 vitiis
1126 834 1165 891 la·

198 917 355 985 boromus)
377 919 510 973 sectator
530 927 696 986 puerorum
714 913 878 972 rixantium
897 915 1005 974 sedett
1028 916 1081 991 qui
1103 917 1166 975 vin-

199 1006 315 1060 ctorum
329 1013 455 1058 suorum
467 1011 577 1071 greges
592 995 622 1054 in
637 997 778 1057 aetatium
793 1005 823 1057 et
834 998 969 1058 celorum
981 996 1068 1072 paria
1080 999 1165 1059 didu-

169 1082 258 1147 boitt
280 1081 334 1156 qui
346 1080 474 1140 athletos
490 1078 676 1139 novissimos
691 1079 810 1155 pascite
841 1080 940 1155 der
961 1081 1033 1142 illos
1046 1083 1166 1143 otiosos

197 1180 308 1238 vocas,
337 1164 448 1239 quiem
475 1165 576 1238 apud
601 1171 798 1224 tonsorem
820 1166 930 1225 multae
951 1163 1047 1225 borae
1068 1176 1164 1227 trans-

197 1250 366 1323 mittuntur,
388 1248 459 1307 dum
480 1248 666 1322 decerpitur,
689 1249 716 1308 si
737 1248 811 1324 quid
835 1249 974 1323 proxima
989 1257 1081 1310 nocte
1098 1268 1166 1310 suc-

198 1334 306 1407 crevit,
321 1333 392 1392 dum
407 1332 446 1391 de
457 1331 585 1405 singulis
597 1330 717 1406 capillis
726 1332 757 1391 in
769 1333 929 1393 consilium
940 1332 1014 1406 itur,
1031 1334 1103 1393 dum
1116 1346 1167 1397 aut

198 1417 328 1478 disiecta
340 1432 428 1476 coma
441 1415 607 1475 restituitur
620 1423 673 1476 aut
687 1415 832 1476 deficiens
847 1414 920 1476 hinc
932 1424 1026 1492 atque
1037 1417 1121 1477 illine
1137 1418 1164 1477 in

198 1504 329 1562 frontem
339 1499 538 1576 conpellitur?
559 1499 717 1574 quomodo
726 1500 904 1572 irascuntur,
920 1500 1069 1561 sitonsor
1076 1505 1166 1576 paulo

198 1584 405 1660 neglegentior
425 1583 493 1655 luit,
522 1589 676 1658 mmqnam
697 1584 795 1643 virurn
817 1585 984 1645 tonderett
1009 1586 1166 1660 quomodo

198 1669 439 1742 excandescunt,
460 1666 578 1742 siquid
597 1683 637 1726 ex
655 1668 727 1726 iube
740 1683 797 1728 sua
811 1669 949 1728 decisum
966 1676 1026 1742 est,
1050 1670 1077 1729 si
1093 1670 1166 1745 quio

198 1759 284 1811 extre
304 1751 440 1812 ordinent
460 1750 568 1825 iacuit,
590 1751 650 1811 nisi
671 1749 774 1811 omnia
788 1753 818 1811 in
833 1753 942 1812 anulos
955 1767 1030 1812 suos
1046 1753 1166 1813 recide·

197 1841 287 1896 runtt
307 1836 376 1909 quis
398 1841 445 1894 est
464 1835 592 1895 istorum
607 1836 661 1911 qui:
673 1850 736 1895 non
750 1836 833 1896 malit
845 1835 1064 1910 rempublicam
1079 1853 1167 1897 suam

198 1919 310 1978 turbtui
326 1935 417 1992 quam
429 1925 569 1979 comam?
591 1920 642 1994 qui
655 1935 715 1979 non
728 1920 884 1981 sollicitior
895 1920 935 1980 sit
945 1919 986 1979 de
995 1919 1106 1996 eapitis
1119 1920 1167 1982 sui

199 2003 310 2061 deame
332 2018 424 2076 quum
445 2003 484 2062 de
504 2003 622 2063 salutet
652 2004 785 2078 quinon
813 2004 963 2079 comptior
987 2019 1059 2065 esse
1084 2007 1169 2064 malit

199 2085 478 2162 quomhonestiort
495 2085 553 2146 hos
565 2093 597 2146 tu
609 2086 727 2147 otiosos
741 2103 834 2147 vocas
845 2086 923 2147 inter
933 2088 1084 2162 pectinem
1095 2104 1167 2163 spe-

169 2171 362 2245 4culumque
381 2176 572 2244 occupatost
606 2170 686 2244 Qnid
704 2170 770 2230 illir
792 2175 867 2247 [qui]
889 2173 918 2231 in
940 2173 1167 2246 conponendis,

198 2254 374 2327 audiendis,
397 2253 536 2314 dicendis
551 2255 719 2314 canticis
733 2254 850 2330 operati
862 2263 946 2326 sunt,
963 2255 1035 2315 duni
1048 2271 1167 2330 vocem,

199 2337 289 2398 cuins,
296 2347 412 2399 rectum
422 2352 543 2398 cursum
554 2347 660 2399 natura
671 2347 702 2398 et
712 2339 857 2414 optimum
868 2347 898 2400 et
908 2339 1167 2414 simplicissimum

199 2423 283 2493 iecit,
298 2421 414 2482 inflexu
424 2422 638 2483 modulationis
649 2422 852 2483 inertissimae
863 2430 1019 2498 torquent,
1035 2439 1168 2499 quorum

199 2503 283 2581 digiti
305 2506 430 2580 aliquod
451 2506 529 2566 intra
550 2523 584 2566 se
599 2522 720 2566 carmen
736 2507 892 2568 metientes
907 2522 1030 2582 semper
1045 2517 1166 2578 sonant,

200 2606 344 2664 quorum,
366 2605 433 2649 cum
454 2591 496 2650 ad
511 2606 566 2650 res
577 2591 688 2664 serias,
712 2592 801 2650 etiam
815 2607 910 2666 saepe
924 2592 1026 2652 tristes
1040 2592 1167 2652 adhibiti

199 2681 284 2745 sunt,
307 2672 470 2733 exauditur
482 2675 572 2735 tacita
592 2675 773 2735 modulatio:
795 2692 856 2736 non
872 2675 984 2737 babent
996 2675 1047 2737 isti
1062 2677 1165 2749 odam,

170 2757 254 2818 tsed
272 2756 353 2817 iners
369 2757 532 2832 negotium.
569 2757 756 2818 Convivia
775 2759 966 2820 mehercules
981 2759 1089 2820 borum
1105 2777 1167 2820 non

199 2840 354 2914 posuerim
377 2842 455 2900 inter
475 2842 613 2901 vacantia
635 2849 787 2916 tempora,
820 2859 888 2902 cunr
908 2843 1044 2917 videam,
1075 2861 1165 2918 quarn

199 2922 320 2986 solliciti
339 2933 495 3000 argentum
517 2925 665 2986 ordinent.
696 2941 785 3001 qnam
806 2927 963 3001 diligenter
977 2928 1166 2988 exoletorum

199 3025 323 3069 suorum
334 3009 452 3069 tunicas
464 3009 651 3084 succingant.
675 3026 765 3084 quam
775 3011 920 3084 suspensi
928 3011 996 3084 sint,
1009 3014 1166 3086 quomodo

198 3107 274 3168 aper
294 3109 313 3152 a
333 3109 408 3153 coco
430 3100 533 3166 exeat,
556 3109 616 3168 qna
637 3093 790 3154 celeritate
810 3094 899 3168 signo
923 3095 994 3155 doto
1015 3096 1112 3170 glabri
1127 3096 1166 3154 ad

199 3175 364 3235 ministeria
388 3178 576 3250 discurrant,
606 3184 717 3252 quanto
742 3187 806 3239 arte
829 3179 1005 3238 scindentur
1032 3194 1107 3240 eves
1136 3181 1166 3238 in

199 3259 298 3319 lrnsta
309 3276 369 3320 non
385 3262 535 3332 enormia,
552 3278 641 3336 quarn
656 3261 777 3322 curiose
787 3262 925 3322 infelices
936 3263 1055 3336 pueruli
1067 3264 1166 3323 ebrio-

198 3357 264 3401 rum
276 3351 366 3416 sputa
377 3345 566 3420 detergeent=
590 3361 629 3404 ex
640 3345 688 3406 his
700 3347 868 3420 elegantiae
879 3345 1076 3422 laetitiaeque
1087 3350 1166 3407 lame

200 3433 337 3499 captatur
356 3434 387 3485 et
406 3445 504 3503 usqne
526 3445 564 3488 eo
584 3429 614 3488 in
638 3445 745 3490 omnes
762 3429 840 3489 vitae
855 3445 1001 3490 secessus
1016 3432 1095 3490 mala
1109 3446 1165 3490 sun

199 3510 268 3572 illos
288 3518 471 3585 sequuntur,
494 3520 527 3572 ut
543 3528 599 3572 nec
616 3513 719 3574 bibant
733 3513 803 3580 sina
814 3513 977 3575 ambitione
992 3529 1050 3574 nee
1064 3516 1165 3574 edant.
