2438 3968
173 255 237 322 152
349 259 383 318 L.
404 257 553 317 ANNnEt
572 256 746 316 SENECAE
767 257 870 317 DIAL.
888 257 954 317 vll.
1046 205 1049 210 Ι

73 438 76 443 ·
173 429 251 486 rem,
278 409 402 472 habebit
421 410 495 470 illud
518 410 547 469 in
570 410 670 470 animo
694 416 780 470 velus
802 419 1017 486 praeceptum=
1040 412 1149 474 deum

142 507 351 570 esequere.
385 492 529 568 Quisquis
545 500 645 554 autern
667 493 803 568 queritur
824 503 854 554 et
872 495 974 570 plorat
995 503 1026 556 ct
1047 496 1150 570 gemit,

173 580 319 655 imperata
332 579 433 638 lacere
444 578 474 637 vi
483 578 638 652 cogitaret
648 578 760 639 invitus
771 577 888 653 rapitur
896 579 937 638 ad
944 580 1030 639 iussa
1041 579 1136 640 nihilo

174 663 282 724 minus.
306 677 385 738 quee
398 670 498 722 autem
512 661 664 722 dementia
676 669 724 721 est
737 660 925 736 potiustrahi
939 679 1033 737 quam
1040 663 1150 738 sequit

174 757 233 808 tam
247 745 437 806 mehercules
446 761 543 820 ><puram
556 745 679 806 stultitia
689 753 719 806 et
732 745 884 820 ignoratio
896 746 1087 808 condicionis
1103 754 1149 808 est

174 847 249 892 suae
261 831 375 904 dolere,
386 830 470 905 quod
482 835 530 888 est
543 828 719 904 aliquidaut
733 828 837 888 incidit
851 830 966 904 durius,
980 846 1082 905 aeque
1088 830 1149 910 [oe]

174 914 275 974 mirari
291 921 343 974 aut
353 913 478 987 indigne
488 913 568 971 lerre
582 929 628 985 ea,
644 929 723 987 quae
730 920 791 973 tam
800 913 891 974 bonis
901 914 1046 974 accidunt
1058 930 1149 988 quam

174 998 270 1070 malis,
287 996 414 1056 morbos
427 996 505 1070 dico,
522 997 638 1067 lunera,
654 996 823 1057 debilitates
839 1004 870 1057 et
883 1005 986 1058 cetera
996 1014 1036 1057 ex
1050 1005 1149 1058 uans-

143 1082 158 1136 l
175 1097 265 1142 verso
277 1082 307 1141 in
319 1081 407 1140 vitam
422 1080 582 1139 humanam
594 1079 787 1140 incurrentia.
809 1079 959 1155 Quicquid
966 1097 1005 1140 ex
1012 1081 1147 1142 universi

157 1173 161 1182 '
175 1164 390 1229 constitutione
404 1164 579 1239 patiendum
594 1170 648 1235 est,
664 1179 775 1239 magno
788 1164 968 1238 sincipimm
981 1165 1093 1224 animo
1109 1164 1147 1224 ad

173 1250 232 1311 hoc
247 1255 470 1310 sacramentum
484 1247 584 1307 adacti
603 1263 719 1321 sumus,
740 1249 822 1307 lerre
840 1247 980 1309 mortalia
1000 1263 1062 1324 nee
1079 1264 1147 1323 per·

173 1333 288 1396 turbari
303 1334 350 1407 iis,
374 1330 560 1408 quaesitore
575 1347 636 1390 non
653 1338 700 1392 est
714 1340 837 1392 nostrae
853 1333 1023 1406 potestatis.
1052 1333 1086 1392 ln
1100 1347 1145 1391 re

173 1435 234 1494 gno
249 1418 310 1479 nati
325 1433 440 1477 sumus.
471 1417 530 1475 deo
544 1430 653 1490 parere
668 1415 792 1476 libertas
807 1423 863 1475 est.

143 1511 158 1562 1
239 1503 319 1562 XVI.
343 1501 425 1576 Ergo
445 1500 480 1559 in
502 1499 646 1561 virtute
673 1499 804 1577 posita
825 1507 882 1559 est
904 1515 997 1559 vere
1017 1500 1147 1559 letici-

173 1595 250 1647 tas=
269 1585 343 1662 quid
359 1584 435 1644 haec
454 1583 572 1658 [virtus]
588 1582 641 1644 tibi
655 1582 818 1642 suadebit?
829 1599 869 1643 ne
880 1583 953 1657 quid
967 1591 1020 1644 aut
1033 1583 1148 1644 bonum

174 1676 226 1730 aut
241 1671 353 1729 molum
373 1668 538 1740 existimes,
560 1667 644 1742 quod
664 1682 722 1726 nec
737 1667 845 1727 virtute
866 1683 923 1726 nee
940 1667 1056 1727 malitia
1075 1683 1146 1728 eon·

174 1755 276 1828 tinget.
299 1752 418 1823 deinde,
439 1759 473 1810 ut
487 1750 530 1810 sis
544 1750 695 1810 inmobilis
710 1757 740 1809 et
755 1758 861 1811 eontra
874 1752 985 1810 malum
1000 1767 1040 1810 ex
1054 1750 1147 1824 bono,

142 1844 207 1897 tut
223 1852 283 1910 qua
301 1836 347 1894 las
364 1843 419 1908 est,
436 1836 525 1894 deum
540 1835 678 1908 effingas.
709 1833 787 1908 Quid
802 1833 854 1894 tibi
867 1851 923 1910 pro
939 1835 997 1894 hae
1017 1835 1147 1910 expedi-

174 1920 256 1979 tione
275 1918 439 1992 promittite
459 1919 593 1992 ingentio
609 1926 639 1977 et
656 1933 756 1993 aequa
774 1917 900 1978 divinis:
922 1918 996 1978 nihil
1016 1919 1147 1993 cogeris,

175 2003 258 2062 nullo
274 2001 434 2076 indigebis,
450 2001 526 2060 liber
547 2005 617 2075 eris,
637 2008 733 2073 tulus,
755 2001 914 2062 indemnis.
943 2000 1018 2060 nihil
1036 2003 1147 2063 trustra

175 2084 345 2160 temptabis,
366 2084 438 2143 nihil
453 2084 674 2159 prohibeberis,
695 2084 796 2146 ornnia
809 2086 862 2145 libi
879 2101 918 2145 ex
933 2085 1085 2146 sententia
1098 2099 1146 2144 ce

175 2170 255 2229 dent.
279 2168 351 2228 nihil
366 2169 528 2228 adversum
543 2168 670 2241 accidet,
695 2169 767 2228 nibil
783 2178 888 2230 eontra
911 2169 1087 2245 opinionem
1111 2182 1148 2228 ac

136 2267 153 2315 3
174 2255 367 2314 voluntatem.
393 2251 468 2325 Quid
484 2259 579 2326 ergo?
593 2252 690 2312 virtus
706 2254 746 2312 ad
765 2253 855 2313 beate
876 2253 1040 2313 vivendum
1061 2252 1146 2313 sulli-

175 2339 223 2397 cit.
257 2338 393 2413 perlecta
405 2337 457 2395 illa
471 2344 501 2396 et
515 2335 618 2397 divina
638 2336 743 2410 quidni
759 2336 905 2408 sufficiat,
925 2337 1018 2397 inimo
1038 2350 1146 2411 super-

175 2421 272 2482 fluat?
289 2420 362 2496 quid
377 2422 456 2480 enim
472 2420 584 2481 deesse
596 2426 698 2495 potest
711 2428 798 2480 extra
812 2419 997 2481 desiderium
1012 2420 1146 2480 omnium

176 2506 297 2580 posito?
319 2504 392 2580 quid
410 2504 599 2564 extrinsecus
620 2519 699 2578 opus
720 2510 766 2562 est
787 2503 825 2577 ei,
846 2502 900 2578 qui
918 2504 1020 2564 omnia
1039 2519 1098 2564 sua
1116 2500 1146 2562 in

175 2603 210 2649 se
226 2588 368 2662 collegite
388 2588 450 2648 Sed
465 2587 501 2660 ei,
525 2588 578 2663 qui
592 2587 632 2647 ad
645 2588 784 2647 virtutem
802 2586 911 2661 tendit,
928 2586 1049 2648 dinami
1070 2587 1145 2646 mul·

175 2679 237 2730 tum
253 2672 413 2746 processit,
429 2687 510 2747 opus
521 2679 568 2731 est
579 2672 681 2746 aliqua
692 2671 830 2730 tortunae
844 2671 1031 2746 indulgentia
1045 2669 1147 2731 adhuc

174 2755 252 2815 inter
263 2755 395 2815 humana
409 2755 542 2827 luctanti,
558 2755 629 2813 dum
643 2754 756 2814 nodum
770 2755 855 2814 illum
867 2756 1001 2816 exsoluit
1011 2761 1045 2815 et
1056 2768 1146 2815 omne

176 2837 328 2899 vinculum
339 2840 475 2900 mortale.
508 2838 580 2912 quid
594 2854 668 2912 ergo
683 2837 835 2898 interest?
855 2839 938 2913 qnod
951 2837 1004 2898 elii
1021 2835 1146 2913 adligati

175 2929 253 2996 sunt,
276 2922 327 2982 alii
342 2922 486 2996 adstricti,
506 2921 555 2981 alii
570 2922 704 2982 destricti
719 2938 859 2997 quoque=
881 2923 941 2996 hic,
960 2921 1013 2997 oui
1033 2922 1074 2983 ad
1095 2937 1146 2980 su-

174 3005 297 3080 periora
312 3021 498 3081 progressus
510 3012 556 3064 est
570 3012 601 3065 et
615 3021 650 3065 se
666 3004 754 3065 altius
767 3006 881 3080 extulit,
895 3007 997 3065 laxam
1008 3014 1145 3066 catenam

176 3090 263 3152 trahit
277 3090 413 3152 nondum
426 3090 511 3162 liber,
525 3089 584 3147 iam
600 3099 701 3149 tamen.
712 3105 767 3164 pro
783 3089 890 3150 libero.

144 3186 158 3239 1
258 3174 350 3233 XVll.
375 3173 407 3233 Si
424 3174 492 3247 quis
508 3172 611 3247 itaque
626 3189 664 3232 ex
680 3173 755 3246 istis,
772 3173 824 3248 qui
835 3169 1061 3248 philosophiam
1073 3187 1143 3232 eon·

177 3256 293 3325 latrant,
310 3258 394 3330 quod
410 3257 519 3330 solent,
536 3256 659 3317 dixeritz
684 3273 828 3332 „quare
844 3271 935 3331 ergo
949 3264 989 3318 tu
1002 3256 1145 3318 lortius

177 3339 355 3412 loqueris
377 3341 622 3415 quamvivisl
649 3356 744 3415 quare
762 3346 792 3400 et
803 3338 1062 3414 superioriverbe
1074 3340 1145 3400 sub·

177 3421 267 3481 mittis
283 3430 313 3482 et
326 3422 487 3498 pecuniam
502 3424 709 3484 necessarium
724 3423 778 3483 tibi
793 3423 1025 3484 instrumentum
1042 3422 1146 3484 existi·

176 3522 241 3565 mas
262 3514 292 3568 et
311 3506 420 3566 damno
442 3508 573 3576 moveris
598 3514 629 3567 et
649 3508 788 3568 lacrimas
808 3507 911 3569 audita
931 3507 1072 3583 coniugis
1093 3513 1147 3567 aut

175 3588 264 3649 amici
279 3597 373 3650 morte
386 3591 516 3650 demittis
529 3599 559 3650 et
569 3589 698 3666 respicis
712 3591 821 3651 lamam
832 3598 863 3652 et
875 3591 1014 3666 malignis
1028 3606 1146 3652 sermo·
