2438 3968
200 240 244 302 ao
279 214 282 221 ’
485 242 518 302 u.
540 242 687 303 aunum
711 241 886 304 sunucau

201 412 268 456 sam
284 394 437 456 detinebat
457 403 487 455 et
507 396 607 455 stabat
620 410 805 469 percussuro
823 395 942 457 similis.
973 396 1176 476 interrogatus

201 478 313 539 deinde
340 480 378 539 ab
397 479 511 552 amico,
541 477 594 554 qui
618 479 696 539 iorte
716 480 934 554 intervenerat,
960 480 1043 556 quid
1065 490 1174 559 egeras

169 563 327 638 t‚,exigo,
343 563 455 637 inquit,
470 579 588 638 poenas
603 562 642 622 ab
657 562 779 623 homine
793 564 975 624 iracundo.“
1009 564 1168 629 Vclntste

200 662 279 721 pens
294 655 414 721 gestum
434 646 517 706 illum
533 645 678 706 saevituri
698 647 865 707 deformem
879 647 1020 722 sapienti
1035 648 1107 712 viro
1120 666 1172 713 aa·-

200 731 301 805 vabat,
316 731 427 792 oblitus
442 729 501 790 iam
517 731 612 802 servi,
630 730 701 804 quia
715 730 807 790 alium
823 745 913 805 quem
926 731 1038 806 potius
1055 735 1172 810 θωῦμ-

198 822 246 874 ret
259 815 426 875 invenerat.
456 815 559 889 itaque
581 815 704 874 abstulit
717 813 775 874 sibi
790 815 819 874 in
842 830 919 875 suos
941 821 1172 890 potestatemct

159 914 163 923 ·
200 899 240 959 ob
251 906 409 973 peccatum
423 898 577 973 quoddam
586 898 778 958 commotior:
794 905 856 972 ,‚tu‚
866 897 975 974 inquit,
987 898 1171 978 Speuslppe,
1211 934 1214 939 ·

199 983 353 1042 servulum
375 982 465 1041 istum
485 981 664 1042 verberibus
686 981 827 1056 obiurga:
855 998 924 1040 nam
943 999 1007 1058 ego
1030 984 1171 1049 basem?

165 1070 182 1125 7
200 1065 246 1126 Ob
264 1065 324 1126 boc
345 1082 404 1125 uon
427 1065 545 1138 cecidit,
567 1073 693 1140 propter
707 1066 789 1141 quod
802 1066 879 1126 alius
894 1066 1081 1129 cecidisset.
1120 1069 1171 1129 lra-

200 1164 286 1221 scor,
301 1149 414 1224 inquit:
430 1149 500 1224 plus
515 1150 622 1208 faciam
639 1165 730 1224 quam
745 1155 874 1224 oportet,
889 1150 1040 1213 libentius
1056 1152 1172 1214 Maur:

198 1233 315 1294 nonsit
335 1232 393 1293 iste
412 1249 521 1293 servus
535 1234 566 1293 in
586 1234 653 1294 eius
669 1241 817 1308 potestate
833 1234 886 1308 qui
902 1232 933 1293 in
952 1249 1015 1295 sua
1036 1253 1103 1298 non
1123 1245 1170 1299 est

197 1316 318 1391 Aliquis
330 1319 394 1378 vult
409 1316 487 1377 irato
504 1316 646 1376 committi
660 1317 820 1391 ultionem,
841 1332 910 1378 cum
923 1316 1013 1380 Plato
1038 1321 1101 1382 sibi
1114 1322 1172 1398 ipse

199 1401 359 1477 imperium
382 1402 595 1476 abrogaverit?
628 1401 706 1461 Nihil
727 1402 779 1461 tibi
799 1401 903 1475 liceat,
923 1402 997 1462 dum
1023 1403 1172 1468 irasceris

202 1493 318 1561 queret
340 1486 412 1560 quia
425 1486 472 1545 vis
489 1486 589 1545 omnia
602 1485 703 1544 licere.

167 1580 183 1630 1
260 1569 338 1630 Xlll.
358 1569 465 1644 Pugna
483 1577 584 1631 tecum
604 1569 688 1643 ipse:
709 1570 736 1629 si
756 1570 879 1629 vincere
899 1567 977 1629 uam
996 1587 1070 1633 nou
1084 1580 1170 1650 potet

198 1662 229 1713 te
243 1653 295 1712 illa
313 1654 419 1728 incipit
440 1654 571 1713 vincere.
606 1653 634 1713 si
653 1652 860 1728 absconditur,
880 1652 906 1712 si
925 1653 969 1714 illi
991 1656 1104 1720 exitus
1122 1672 1172 1719 not

201 1738 297 1808 datur,
320 1739 409 1811 signa
422 1738 488 1798 eius
504 1738 669 1797 obruamus
685 1744 716 1796 et
733 1738 813 1798 illam
830 1744 976 1812 quantum
990 1739 1067 1801 lieri
1082 1747 1173 1818 puteal

165 1829 185 1882 a
201 1820 350 1880 occultam
366 1828 577 1896 secretamque
598 1829 766 1881 teneamus.
804 1821 877 1882 Cum
891 1836 1005 1896 magna
1023 1822 1061 1885 id
1077 1833 1174 1888 nostr

200 1902 340 1964 molestia
354 1904 415 1964 fiet
445 1905 530 1977 cupit
548 1903 627 1963 enim
642 1903 766 1964 exsilire
781 1913 812 1965 et
827 1904 992 1967 incendere
1017 1910 1135 1971 ocnloe
1151 1915 1173 1969 et

200 1992 316 2045 mutare
336 1987 454 2047 taciem.
476 1987 532 2047 sed
545 1988 572 2047 si
586 1988 719 2048 eminere
733 1987 774 2047 illi
786 1995 873 2048 extra
886 2004 944 2048 nos
964 1989 1069 2067 licuit,
1090 2008 1173 2070 supra

199 2086 259 2131 nos
274 2078 330 2130 est.
372 2071 406 2130 ln
424 2070 484 2130 imo
500 2072 632 2144 pectoris
647 2087 776 2132 secessu
788 2071 973 2132 recondatur
987 2074 1170 2153 teretemque

200 2170 262 2213 non
277 2153 361 2214 ierat
396 2155 486 2214 immo
502 2154 532 2213 in
547 2154 728 2216 contrarium
743 2157 844 2216 omnia
859 2156 925 2216 eius
939 2154 1063 2220 iudicia
1077 2160 1169 2223 fleca

201 2253 285 2298 mus=
318 2239 420 2299 voltus
433 2238 612 2312 remittatur,
632 2254 696 2298 vox
714 2239 811 2300 lenior
830 2240 885 2311 sit,
914 2240 1037 2314 aradus
1061 2244 1172 2306 lentim.

167 2321 343 2397 tpaulatim
364 2338 433 2383 cum
454 2324 655 2383 exterioribus
676 2321 819 2384 interiora
840 2324 1018 2385 formantur.
1074 2328 1110 2389 ln
1125 2327 1171 2391 Sc

200 2413 282 2467 crate
301 2406 364 2466 irae
379 2407 498 2482 siguum
514 2414 578 2468 erat
593 2423 700 2468 vocem
721 2407 910 2481 submittere,
932 2406 1021 2482 loqui
1043 2412 1171 2485 paeane

199 2490 367 2565 adparebat
381 2498 452 2552 tunc
471 2489 555 2552 illum
570 2491 628 2551 sibi
650 2491 781 2551 obstare.
810 2489 1109 2565 deprehendebatur
1125 2494 1171 2559 tte

200 2590 294 2648 quea
317 2574 514 2635 familiaribus
534 2583 565 2635 et
585 2574 814 2649 coarguebatur,
837 2589 893 2635 nec
913 2582 981 2636 crat
998 2574 1047 2637 illi
1067 2594 1171 2657 cxprc

199 2656 297 2718 bratio
311 2658 456 2720 latitantis
469 2659 532 2719 irae
546 2659 672 2733 ingrata.
707 2657 812 2733 quidni
825 2659 982 2734 gauderet,
998 2663 1092 2735 quod
1104 2662 1170 2725 iren

201 2756 287 2800 suam
299 2742 382 2803 multi
393 2743 609 2817 intellegerent,
621 2757 711 2802 nemo
723 2741 867 2803 sentirett
882 2741 1170 2819 sensissentauteut
1208 2772 1211 2777 ·

201 2823 260 2885 nisi
273 2822 323 2884 ius
338 2825 444 2887 amicis
459 2826 639 2901 obiurgandi
662 2841 698 2886 se
717 2826 863 2900 dedisset,
884 2827 964 2887 sicut
984 2826 1059 2901 ipse
1075 2830 1169 2893 sibiir

167 2907 314 2969 tamicos
335 2919 518 2986 sumpserat.
553 2909 671 2984 Quanto
691 2909 788 2984 magis
808 2909 867 2971 hoc
888 2909 977 2970 nobis
999 2910 1170 2977 faciedum

201 2998 269 3053 esti
286 3009 430 3068 rogemus
445 2992 662 3055 amicissimum
677 3008 837 3069 quemque,
854 3000 888 3054 ut
902 3000 974 3054 tunc
988 2995 1169 3061 maximei-

200 3076 315 3137 bartate
330 3078 480 3139 adversus
498 3093 556 3138 uos
571 3086 680 3150 utatur,
696 3093 763 3136 cum
778 3078 899 3138 minime
912 3078 996 3138 illam
1010 3083 1081 3154 pati
1094 3088 1168 3159 pote

200 3157 303 3231 rimus,
319 3176 377 3221 nec
394 3160 580 3223 adsentiatur
594 3163 657 3223 irae
677 3169 810 3222 nostrae.
834 3168 941 3224 contra
953 3165 1053 3243 [nos,]
1069 3174 1170 3243 potans
1210 3162 1213 3167 '

201 3243 311 3303 malum
334 3251 365 3305 et
384 3246 467 3320 apud
488 3262 546 3306 nos
565 3246 741 3321 gratiosum,
763 3245 835 3306 dum
856 3244 1082 3324 conspicimus,
1106 3250 1169 3313 duu

169 3336 186 3389 a
202 3326 297 3385 nostri
309 3342 424 3402 sumus,
440 3329 635 3397 advocemus.
658 3327 715 3404 cui
726 3329 914 3390 vinummale
929 3329 1169 3397 laruntetebrte

201 3406 271 3468 tatis
286 3425 362 3470 sune
381 3414 576 3473 temeritatem
598 3429 633 3474 aa
648 3413 844 3487 petulantiam
863 3420 1008 3486 metuunt,
1031 3418 1171 3481 mandat

201 3488 276 3565 sula,
292 3500 325 3553 ut
338 3508 357 3553 e
371 3494 512 3555 convivio
527 3497 710 3558 auferantur.
739 3496 1004 3572 intemperantiam
1017 3497 1054 3561 in
1070 3500 1170 3565 morto

221 3720 272 3740 A
