2438 3968
65 217 346 280 CONTUMELIAM
357 216 546 279 ncclPultu
553 217 778 280 SAPIENTEM.
786 219 990 281 xvh-xlx.
1001 219 1043 283 83

64 371 152 446 sima,
168 370 267 445 qualis
282 369 312 429 ln
329 369 491 430 concubitu
506 376 588 431 esset
599 386 677 432 uxor
687 369 763 444 eius,
776 371 894 432 obiecit.
918 372 948 433 di
960 371 1042 446 boni,

63 455 125 515 hoc
138 455 238 515 virum
258 453 379 528 audire,
400 453 570 528 principem
585 453 665 514 scire
680 461 709 516 et
723 470 824 531 usque
839 471 877 518 eo
892 456 1043 516 licentiam

65 538 262 614 pervenisse,
277 545 325 612 ut,
340 553 401 598 non
418 535 488 599 dico
505 537 673 613 consulari,
696 555 757 599 non
773 539 841 600 dieo
856 540 970 614 amico,
986 541 1042 601 sed

64 629 180 686 tantum
194 620 301 684 marito
316 624 462 697 princeps
475 629 506 682 et
520 622 700 683 adulterium
720 638 809 684 suum
830 631 932 687 narret
953 632 983 685 et
998 625 1042 685 la·

65 707 211 768 stidiumt
232 706 393 778 Chaereae,
407 705 672 777 tribunomilitum,
686 722 865 769 sermonen
881 724 937 783 pro
952 711 1072 768 manua

65 798 138 865 erat
153 789 315 865 languidus
330 805 407 851 sono
422 797 460 864 el,
475 791 506 853 ni
521 791 601 852 lacta
615 806 736 865 nosses,
752 792 935 866 suspectior.
972 792 1042 851 huic

65 875 156 936 Caius
180 876 301 948 signum
327 874 438 948 pelenti
462 875 555 936 tnodo
580 875 762 950 Veneris,
797 876 889 936 modo
914 873 1042 951 Priapi

64 959 157 1020 dabat
182 957 268 1019 aliter
292 966 385 1034 atque
410 958 496 1018 aliter
520 958 711 1033 exprobrans
737 966 851 1020 armato
878 960 1041 1023 mollitiam.

63 1043 141 1105 haec
156 1041 224 1117 ipse
239 1043 431 1117 perlucidus,
446 1042 637 1118 crepidatus,
653 1050 786 1104 auratus.
824 1045 925 1119 coegit
939 1044 1042 1119 itaque

62 1128 147 1187 illum
161 1126 205 1186 nti
220 1128 310 1200 lerro,
324 1142 364 1186 ne
379 1128 504 1202 saepius
520 1126 640 1201 signum
654 1134 786 1201 peteret:
802 1127 852 1188 ille
867 1128 982 1203 primus
997 1129 1041 1187 in-

62 1217 109 1270 ter
124 1211 299 1271 coniuratos
314 1226 435 1271 manum
451 1210 653 1285 sustulit,·ille
668 1211 818 1272 cervicem
833 1212 964 1272 mediam
979 1229 1041 1273 uno

62 1295 125 1355 ictu
140 1294 261 1354 decidit.
285 1295 446 1369 plurimum
463 1294 573 1355 deinde
587 1293 723 1368 undique
740 1295 877 1368 publicas
893 1312 928 1357 ac
941 1295 1040 1370 priva·
1101 1300 1104 1307 '

62 1385 110 1440 tas
124 1377 250 1439 iniurias
264 1377 472 1439 ulciscentium
488 1378 658 1453 gladiorum
672 1380 823 1452 ingestum
838 1386 894 1451 est,
911 1380 967 1438 sed
980 1381 1041 1454 pri·

62 1477 132 1524 mus
148 1462 195 1522 vir
209 1462 273 1536 init,
290 1463 342 1536 qui
357 1463 477 1522 minime
491 1463 576 1523 visus
593 1469 650 1523 est.
690 1463 731 1521 At
744 1462 824 1521 idem
837 1461 927 1522 Caius
941 1464 1070 1532 omnia4

63 1547 264 1607 contumelias
281 1552 409 1621 potans,
433 1553 466 1606 ut
485 1553 555 1606 sunt
580 1545 773 1605 serendarum
794 1545 972 1620 inpatientes
997 1548 1040 1608 ia-

62 1630 239 1690 ciendarum
256 1629 456 1705 cupidissimi,
478 1630 572 1689 iratus
588 1629 644 1690 luit
657 1629 810 1690 Herennio
825 1630 940 1703 Macro,
956 1631 1042 1707 quod

61 1713 144 1773 illurn
162 1713 289 1774 Caium
303 1715 498 1774 salutaverat.
534 1729 591 1773 nec
610 1713 726 1787 inpune
745 1714 839 1774 cessit
854 1714 1039 1790 primipilari,

12 1830 16 1839 ·
62 1797 148 1871 quod
164 1796 376 1872 Caligulam
391 1798 519 1858 dixerat.
554 1798 614 1858 hoc
629 1797 709 1857 enim
730 1797 761 1857 in
783 1798 892 1858 castris
907 1805 997 1861 nahra
1012 1805 1042 1858 et

62 1883 204 1940 alumnus
219 1880 372 1955 legionum
387 1881 491 1941 vocari
506 1882 639 1954 solebat,
662 1882 745 1942 nullo
761 1883 882 1943 nomine
897 1881 1051 1955 militibus⁸

61 1965 238 2026 familiarior
252 1982 396 2041 umquam
411 1967 520 2026 iactus.
556 1967 612 2026 sed
632 1965 692 2026 iarn
709 1964 919 2040 Caligulam
936 1969 1040 2028 convi-

51 2050 142 2112 'cium
157 2058 187 2113 ct
202 2051 348 2125 probrum
362 2049 525 2110 iudicabat.
562 2049 754 2111 conturbatis
770 2065 843 2126 ergo
865 2051 924 2112 hoc
939 2053 1069 2127 ipsuma

62 2134 174 2195 solatio
189 2134 253 2208 erit,
269 2133 387 2194 etiamsi
402 2142 507 2195 nostra
521 2132 650 2195 facilitas
665 2135 809 2195 ultionem
825 2135 969 2208 omiserit,
995 2137 1040 2196 lu·

59 2225 160 2280 turum
174 2219 305 2294 aliquem
322 2219 373 2294 qui
386 2234 504 2293 poenas
520 2218 622 2292 exigat
637 2236 655 2278 a
668 2234 802 2293 procace
818 2226 848 2279 et
861 2221 996 2294 superbo
1011 2227 1041 2280 et
1125 2219 1128 2226 '

60 2302 225 2377 iniurioso,
253 2319 332 2378 quae
353 2301 425 2363 vitia
441 2319 605 2377 numquam
627 2302 656 2361 in
677 2319 739 2363 uno
754 2303 876 2362 homine
891 2311 921 2364 et
934 2304 964 2363 in
979 2321 1038 2363 una

60 2386 241 2447 contumeha
256 2393 483 2447 consumuntur.
527 2386 741 2461 Respiciamus
763 2402 866 2447 eorum
890 2389 1039 2462 exempla,

61 2486 191 2545 quorum
206 2471 366 2533 laudamus
382 2469 566 2545 patientiam,
581 2478 615 2531 ut
629 2470 780 2545 Socratis,
798 2471 849 2546 qui
866 2471 1039 2531 comoedia·

59 2571 127 2615 rum
142 2555 314 2629 publicatos
329 2555 360 2615 in
374 2570 410 2614 se
425 2561 455 2614 et
469 2561 625 2629 spectatos
647 2555 728 2615 sales
751 2554 779 2614 in
797 2561 913 2630 partem
927 2555 1040 2615 bonam

59 2637 178 2714 accepit
203 2638 331 2715 risitque
352 2656 414 2699 non
435 2638 547 2710 minus,
579 2656 670 2714 quam
690 2654 758 2698 cum
783 2640 822 2698 ab
843 2654 939 2697 uxore
958 2638 1038 2699 Xan-

59 2721 166 2798 thippe
191 2723 336 2784 inmunda
358 2738 440 2798 aqua
466 2724 708 2796 pertunderetur.
744 2721 917 2783 Antistheni
945 2733 1040 2784 mater

58 2807 190 2867 barbara
204 2815 235 2867 et
247 2807 399 2866 Thraessa
414 2806 609 2867 obiciebatur.
644 2805 805 2881 respondit
825 2812 861 2865 et
881 2806 1038 2869 deorum

58 2897 216 2950 matrem
237 2892 387 2951 idaeam
410 2907 507 2952 esse.

120 2973 197 3036 XIX.
224 2975 290 3035 Non
306 2975 397 3035 estin
412 2976 509 3035 rixam
525 2977 830 3050 colluctationemque
844 2975 1065 3045 veniendum.1

56 3061 167 3135 procul
182 3059 340 3119 auferendi
355 3061 451 3134 pedes
468 3065 581 3120 suntet
597 3059 741 3136 quiequid
756 3060 864 3118 horum
879 3059 916 3118 ab
932 3057 1036 3135 inpru-

57 3143 201 3204 dentibus
216 3143 361 3219 fiet(lieri
377 3150 475 3204 autem
496 3144 555 3203 nisi
572 3144 610 3204 ab
631 3143 865 3218 inprudentibus
888 3159 947 3201 non
969 3150 1036 3218 pot·

55 3231 118 3298 est)
136 3228 359 3302 neglegendum
380 3236 409 3288 et
430 3228 564 3290 honores
587 3227 776 3304 iniuriaeque
802 3225 883 3301 volgi
909 3227 938 3285 in
966 3244 1036 3302 pro·

55 3312 176 3372 miscuo
188 3311 357 3371 habendae.
384 3328 440 3372 nec
451 3311 499 3372 his
512 3312 622 3373 dolend
629 3329 675 3372 um
684 3327 741 3372 nec
756 3310 814 3371 illis
826 3310 1036 3386 gaudendum

54 3396 192 3470 alioquin
215 3396 306 3454 multa
327 3397 433 3455 timore
459 3398 706 3457 contumeliarum
732 3402 783 3456 aut
808 3395 909 3455 taedio
930 3406 1066 3462 ncces-a

56 3479 140 3541 saria
173 3480 344 3541 omittemus
375 3478 567 3555 publicisque
599 3489 628 3540 et
662 3481 787 3555 privatis
820 3479 946 3552 ciliciis,
984 3480 1029 3540 ali-

99 3583 199 3623 sanacn
214 3583 284 3622 anu.
299 3569 319 3622 l.
811 3560 831 3623 3
