<?xml version="1.0" encoding="UTF-8"?>
<!DOCTYPE html PUBLIC "-//W3C//DTD XHTML 1.0 Transitional//EN"
    "http://www.w3.org/TR/xhtml1/DTD/xhtml1-transitional.dtd">
<html xmlns="http://www.w3.org/1999/xhtml" xml:lang="en" lang="en">
 <head>
  <title>
</title>
<meta http-equiv="Content-Type" content="text/html;charset=utf-8" />
  <meta name='ocr-system' content='tesseract 3.04.00' />
  <meta name='ocr-capabilities' content='ocr_page ocr_carea ocr_par ocr_line ocrx_word'/>
</head>
<body>
  <div class='ocr_page' id='page_1' title='image "./lannaeisenecaeo05senegoog_0298.png"; bbox 0 0 2438 3968; ppageno 0'>
   <div class='ocr_carea' id='block_1_1' title="bbox 333 258 1076 326">
    <p class='ocr_par' dir='ltr' id='par_1_1' title="bbox 333 258 1076 326">
     <span class='ocr_line' id='line_1_1' title="bbox 333 258 1076 326; baseline 0.012 -8"><span class='ocrx_word' id='word_1_1' title='bbox 333 259 384 318; x_wconf 81' lang='lat' dir='ltr'><strong>Du</strong></span> <span class='ocrx_word' id='word_1_2' title='bbox 403 258 620 320; x_wconf 67' lang='lat' dir='ltr'><strong>Cluuianum</strong></span> <span class='ocrx_word' id='word_1_3' title='bbox 640 261 713 321; x_wconf 80' lang='lat' dir='ltr'><strong>Llss.</strong></span> <span class='ocrx_word' id='word_1_4' title='bbox 724 262 747 321; x_wconf 91' lang='lat'><strong>1.</strong></span> <span class='ocrx_word' id='word_1_5' title='bbox 763 271 862 326; x_wconf 82' lang='lat' dir='ltr'><strong>o-a.</strong></span> <span class='ocrx_word' id='word_1_6' title='bbox 1013 261 1076 326; x_wconf 76' lang='lat'><strong>28³</strong></span> 
     </span>
    </p>
   </div>
   <div class='ocr_carea' id='block_1_2' title="bbox 103 411 1106 1324">
    <p class='ocr_par' dir='ltr' id='par_1_2' title="bbox 106 411 1106 807">
     <span class='ocr_line' id='line_1_2' title="bbox 107 411 1106 490; baseline 0.009 -17"><span class='ocrx_word' id='word_1_7' title='bbox 107 413 229 473; x_wconf 88' lang='lat' dir='ltr'><strong>laudem</strong></span> <span class='ocrx_word' id='word_1_8' title='bbox 245 411 486 473; x_wconf 77' lang='lat' dir='ltr'><strong>mansuetudinis</strong></span> <span class='ocrx_word' id='word_1_9' title='bbox 509 414 716 487; x_wconf 80' lang='lat' dir='ltr'><strong>consequitur.</strong></span> <span class='ocrx_word' id='word_1_10' title='bbox 748 413 859 474; x_wconf 88' lang='lat' dir='ltr'><strong>Humili</strong></span> <span class='ocrx_word' id='word_1_11' title='bbox 879 416 947 476; x_wconf 90' lang='lat' dir='ltr'><strong>loco</strong></span> <span class='ocrx_word' id='word_1_12' title='bbox 967 416 1106 490; x_wconf 81' lang='lat' dir='ltr'><strong>posiust</strong></span> 
     </span>
     <span class='ocr_line' id='line_1_3' title="bbox 107 495 1076 572; baseline 0.004 -16"><span class='ocrx_word' id='word_1_13' title='bbox 107 511 253 556; x_wconf 84' lang='lat' dir='ltr'><strong>exercere</strong></span> <span class='ocrx_word' id='word_1_14' title='bbox 267 512 401 569; x_wconf 89' lang='lat' dir='ltr'><strong>manum,</strong></span> <span class='ocrx_word' id='word_1_15' title='bbox 415 496 546 571; x_wconf 76' lang='lat' dir='ltr'>litigare,</span> <span class='ocrx_word' id='word_1_16' title='bbox 564 496 594 556; x_wconf 92' lang='lat' dir='ltr'><strong>in</strong></span> <span class='ocrx_word' id='word_1_17' title='bbox 608 495 706 556; x_wconf 80' lang='lat' dir='ltr'>rixam</span> <span class='ocrx_word' id='word_1_18' title='bbox 720 513 902 572; x_wconf 82' lang='lat' dir='ltr'><strong>procurrere</strong></span> <span class='ocrx_word' id='word_1_19' title='bbox 913 515 949 558; x_wconf 91' lang='lat' dir='ltr'><strong>ac</strong></span> <span class='ocrx_word' id='word_1_20' title='bbox 960 515 1076 561; x_wconf 87' lang='lat' dir='ltr'><strong>morem</strong></span> 
     </span>
     <span class='ocr_line' id='line_1_4' title="bbox 107 578 1075 657; baseline 0 -18"><span class='ocrx_word' id='word_1_21' title='bbox 107 579 170 654; x_wconf 90' lang='lat' dir='ltr'><strong>irae</strong></span> <span class='ocrx_word' id='word_1_22' title='bbox 186 594 262 640; x_wconf 92' lang='lat' dir='ltr'><strong>suae</strong></span> <span class='ocrx_word' id='word_1_23' title='bbox 275 595 382 654; x_wconf 84' lang='lat' dir='ltr'><strong>gerere</strong></span> <span class='ocrx_word' id='word_1_24' title='bbox 396 578 521 640; x_wconf 92' lang='lat' dir='ltr'><strong>liberius</strong></span> <span class='ocrx_word' id='word_1_25' title='bbox 536 585 592 641; x_wconf 90' lang='lat' dir='ltr'><strong>est.</strong></span> <span class='ocrx_word' id='word_1_26' title='bbox 613 581 699 640; x_wconf 89' lang='lat' dir='ltr'><strong>leves</strong></span> <span class='ocrx_word' id='word_1_27' title='bbox 715 581 791 640; x_wconf 91' lang='lat' dir='ltr'><strong>inter</strong></span> <span class='ocrx_word' id='word_1_28' title='bbox 805 583 891 657; x_wconf 91' lang='lat' dir='ltr'><strong>paria</strong></span> <span class='ocrx_word' id='word_1_29' title='bbox 902 583 979 643; x_wconf 92' lang='lat' dir='ltr'><strong>ictus</strong></span> <span class='ocrx_word' id='word_1_30' title='bbox 991 590 1075 644; x_wconf 81' lang='lat' dir='ltr'><strong>sunt:</strong></span> 
     </span>
     <span class='ocr_line' id='line_1_5' title="bbox 106 663 1075 740; baseline 0.006 -20"><span class='ocrx_word' id='word_1_31' title='bbox 106 663 171 738; x_wconf 90' lang='lat' dir='ltr'><strong>regi</strong></span> <span class='ocrx_word' id='word_1_32' title='bbox 185 663 361 723; x_wconf 78' lang='lat' dir='ltr'><strong>vociferatio</strong></span> <span class='ocrx_word' id='word_1_33' title='bbox 378 679 502 738; x_wconf 92' lang='lat' dir='ltr'><strong>quoque</strong></span> <span class='ocrx_word' id='word_1_34' title='bbox 521 664 744 738; x_wconf 89' lang='lat' dir='ltr'><strong>verborumque</strong></span> <span class='ocrx_word' id='word_1_35' title='bbox 765 665 993 740; x_wconf 85' lang='lat' dir='ltr'><strong>intemperantia</strong></span> <span class='ocrx_word' id='word_1_36' title='bbox 1013 683 1075 728; x_wconf 89' lang='lat' dir='ltr'><strong>non</strong></span> 
     </span>
     <span class='ocr_line' id='line_1_6' title="bbox 107 747 443 807; baseline 0.009 -3"><span class='ocrx_word' id='word_1_37' title='bbox 107 762 146 805; x_wconf 85' lang='lat' dir='ltr'><strong>ex</strong></span> <span class='ocrx_word' id='word_1_38' title='bbox 161 747 318 807; x_wconf 87' lang='lat' dir='ltr'><strong>maiestate</strong></span> <span class='ocrx_word' id='word_1_39' title='bbox 332 753 388 807; x_wconf 86' lang='lat' dir='ltr'><strong>est.</strong></span> <span class='ocrx_word' id='word_1_40' title='bbox 440 761 443 767; x_wconf 89' lang='lat'><em>·</em></span> 
     </span>
    </p>

    <p class='ocr_par' dir='ltr' id='par_1_3' title="bbox 103 830 1104 1324">
     <span class='ocr_line' id='line_1_7' title="bbox 168 830 1104 909; baseline 0.01 -21"><span class='ocrx_word' id='word_1_41' title='bbox 168 830 247 889; x_wconf 89' lang='lat' dir='ltr'><strong>Vlll.</strong></span> <span class='ocrx_word' id='word_1_42' title='bbox 257 831 355 890; x_wconf 87' lang='lat' dir='ltr'><strong>Grave</strong></span> <span class='ocrx_word' id='word_1_43' title='bbox 362 837 452 904; x_wconf 87' lang='lat' dir='ltr'><strong>putas</strong></span> <span class='ocrx_word' id='word_1_44' title='bbox 462 830 538 905; x_wconf 90' lang='lat' dir='ltr'><strong>eripi</strong></span> <span class='ocrx_word' id='word_1_45' title='bbox 545 830 690 905; x_wconf 91' lang='lat' dir='ltr'><strong>loquendi</strong></span> <span class='ocrx_word' id='word_1_46' title='bbox 698 831 852 891; x_wconf 90' lang='lat' dir='ltr'><strong>arbitrium</strong></span> <span class='ocrx_word' id='word_1_47' title='bbox 860 833 983 906; x_wconf 85' lang='lat' dir='ltr'><strong>regibus</strong></span> <span class='ocrx_word' id='word_1_48' title='bbox 991 835 1075 909; x_wconf 91' lang='lat' dir='ltr'><strong>quod</strong></span> <span class='ocrx_word' id='word_1_49' title='bbox 1090 848 1104 899; x_wconf 94' lang='lat'>1</span> 
     </span>
     <span class='ocr_line' id='line_1_8' title="bbox 107 913 1074 993; baseline 0.006 -22"><span class='ocrx_word' id='word_1_50' title='bbox 107 913 264 976; x_wconf 84' lang='lat' dir='ltr'><strong>humillimi</strong></span> <span class='ocrx_word' id='word_1_51' title='bbox 280 913 414 975; x_wconf 71' lang='lat' dir='ltr'><strong>habent?</strong></span> <span class='ocrx_word' id='word_1_52' title='bbox 434 914 528 987; x_wconf 91' lang='lat' dir='ltr'><strong>„lsta,</strong></span> <span class='ocrx_word' id='word_1_53' title='bbox 550 913 661 989; x_wconf 91' lang='lat' dir='ltr'><strong>inquit,</strong></span> <span class='ocrx_word' id='word_1_54' title='bbox 679 914 810 975; x_wconf 88' lang='lat' dir='ltr'><strong>servitus</strong></span> <span class='ocrx_word' id='word_1_55' title='bbox 821 923 883 989; x_wconf 91' lang='lat' dir='ltr'><strong>est,</strong></span> <span class='ocrx_word' id='word_1_56' title='bbox 906 933 967 977; x_wconf 89' lang='lat' dir='ltr'><strong>non</strong></span> <span class='ocrx_word' id='word_1_57' title='bbox 979 917 1074 993; x_wconf 89' lang='lat' dir='ltr'><strong>impe-</strong></span> 
     </span>
     <span class='ocr_line' id='line_1_9' title="bbox 105 996 1075 1074; baseline 0.003 -18"><span class='ocrx_word' id='word_1_58' title='bbox 105 997 213 1056; x_wconf 88' lang='lat' dir='ltr'><strong>rium.“</strong></span> <span class='ocrx_word' id='word_1_59' title='bbox 233 996 325 1071; x_wconf 84' lang='lat' dir='ltr'><strong>Quid,</strong></span> <span class='ocrx_word' id='word_1_60' title='bbox 339 1002 373 1057; x_wconf 90' lang='lat' dir='ltr'><strong>tu</strong></span> <span class='ocrx_word' id='word_1_61' title='bbox 386 1014 447 1058; x_wconf 92' lang='lat' dir='ltr'><strong>uon</strong></span> <span class='ocrx_word' id='word_1_62' title='bbox 459 997 607 1073; x_wconf 87' lang='lat' dir='ltr'><strong>experiris</strong></span> <span class='ocrx_word' id='word_1_63' title='bbox 622 996 704 1058; x_wconf 90' lang='lat' dir='ltr'><strong>istud</strong></span> <span class='ocrx_word' id='word_1_64' title='bbox 716 1013 787 1058; x_wconf 87' lang='lat' dir='ltr'><strong>esse</strong></span> <span class='ocrx_word' id='word_1_65' title='bbox 798 997 901 1074; x_wconf 88' lang='lat' dir='ltr'><strong>nobis,</strong></span> <span class='ocrx_word' id='word_1_66' title='bbox 913 999 966 1060; x_wconf 88' lang='lat' dir='ltr'><strong>tibi</strong></span> <span class='ocrx_word' id='word_1_67' title='bbox 978 1003 1075 1061; x_wconf 88' lang='lat' dir='ltr'><strong>servi·</strong></span> 
     </span>
     <span class='ocr_line' id='line_1_10' title="bbox 103 1080 1074 1157; baseline 0.005 -17"><span class='ocrx_word' id='word_1_68' title='bbox 103 1086 219 1141; x_wconf 71' lang='lat' dir='ltr'><strong>tutem?</strong></span> <span class='ocrx_word' id='word_1_69' title='bbox 232 1081 302 1142; x_wconf 87' lang='lat' dir='ltr'><strong>Alia</strong></span> <span class='ocrx_word' id='word_1_70' title='bbox 313 1080 452 1142; x_wconf 90' lang='lat' dir='ltr'><strong>condicio</strong></span> <span class='ocrx_word' id='word_1_71' title='bbox 461 1089 508 1142; x_wconf 91' lang='lat' dir='ltr'><strong>est</strong></span> <span class='ocrx_word' id='word_1_72' title='bbox 514 1097 628 1153; x_wconf 88' lang='lat' dir='ltr'><strong>eorum,</strong></span> <span class='ocrx_word' id='word_1_73' title='bbox 638 1080 690 1155; x_wconf 91' lang='lat' dir='ltr'><strong>qui</strong></span> <span class='ocrx_word' id='word_1_74' title='bbox 699 1081 729 1140; x_wconf 90' lang='lat' dir='ltr'><strong>in</strong></span> <span class='ocrx_word' id='word_1_75' title='bbox 737 1081 833 1154; x_wconf 91' lang='lat' dir='ltr'><strong>turba,</strong></span> <span class='ocrx_word' id='word_1_76' title='bbox 849 1099 939 1157; x_wconf 90' lang='lat' dir='ltr'><strong>quam</strong></span> <span class='ocrx_word' id='word_1_77' title='bbox 949 1099 1010 1143; x_wconf 90' lang='lat' dir='ltr'><strong>non</strong></span> <span class='ocrx_word' id='word_1_78' title='bbox 1021 1100 1074 1145; x_wconf 88' lang='lat' dir='ltr'><strong>ex·</strong></span> 
     </span>
     <span class='ocr_line' id='line_1_11' title="bbox 104 1164 1073 1240; baseline 0.004 -16"><span class='ocrx_word' id='word_1_79' title='bbox 104 1165 232 1235; x_wconf 91' lang='lat' dir='ltr'><strong>cedunt,</strong></span> <span class='ocrx_word' id='word_1_80' title='bbox 247 1166 348 1236; x_wconf 91' lang='lat' dir='ltr'><strong>latent,</strong></span> <span class='ocrx_word' id='word_1_81' title='bbox 364 1181 494 1239; x_wconf 90' lang='lat' dir='ltr'><strong>quorum</strong></span> <span class='ocrx_word' id='word_1_82' title='bbox 505 1172 535 1225; x_wconf 91' lang='lat' dir='ltr'><strong>et</strong></span> <span class='ocrx_word' id='word_1_83' title='bbox 542 1164 667 1225; x_wconf 86' lang='lat' dir='ltr'><strong>virtutes</strong></span> <span class='ocrx_word' id='word_1_84' title='bbox 675 1173 708 1226; x_wconf 92' lang='lat' dir='ltr'><strong>ut</strong></span> <span class='ocrx_word' id='word_1_85' title='bbox 718 1165 885 1240; x_wconf 87' lang='lat' dir='ltr'><strong>adpareant</strong></span> <span class='ocrx_word' id='word_1_86' title='bbox 896 1166 948 1226; x_wconf 92' lang='lat' dir='ltr'><strong>diu</strong></span> <span class='ocrx_word' id='word_1_87' title='bbox 959 1168 1073 1228; x_wconf 89' lang='lat' dir='ltr'><strong>luctan-</strong></span> 
     </span>
     <span class='ocr_line' id='line_1_12' title="bbox 104 1247 1075 1324; baseline 0.002 -16"><span class='ocrx_word' id='word_1_88' title='bbox 104 1255 155 1308; x_wconf 89' lang='lat' dir='ltr'><strong>tur</strong></span> <span class='ocrx_word' id='word_1_89' title='bbox 175 1255 205 1307; x_wconf 88' lang='lat' dir='ltr'><strong>et</strong></span> <span class='ocrx_word' id='word_1_90' title='bbox 227 1248 299 1308; x_wconf 88' lang='lat' dir='ltr'><strong>vitia</strong></span> <span class='ocrx_word' id='word_1_91' title='bbox 312 1249 454 1308; x_wconf 83' lang='lat' dir='ltr'><strong>tenebras</strong></span> <span class='ocrx_word' id='word_1_92' title='bbox 470 1247 597 1309; x_wconf 85' lang='lat' dir='ltr'><strong>habent:</strong></span> <span class='ocrx_word' id='word_1_93' title='bbox 612 1256 715 1309; x_wconf 89' lang='lat' dir='ltr'><strong>vestra</strong></span> <span class='ocrx_word' id='word_1_94' title='bbox 726 1251 806 1310; x_wconf 90' lang='lat' dir='ltr'><strong>lacta</strong></span> <span class='ocrx_word' id='word_1_95' title='bbox 817 1248 959 1324; x_wconf 87' lang='lat' dir='ltr'><strong>dictaque</strong></span> <span class='ocrx_word' id='word_1_96' title='bbox 970 1268 1075 1312; x_wconf 91' lang='lat' dir='ltr'><strong>rumor</strong></span> 
     </span>
    </p>
   </div>
   <div class='ocr_carea' id='block_1_3' title="bbox 105 1331 1106 1577">
    <p class='ocr_par' dir='ltr' id='par_1_4' title="bbox 105 1331 1106 1577">
     <span class='ocr_line' id='line_1_13' title="bbox 105 1331 1074 1408; baseline 0.004 -18"><span class='ocrx_word' id='word_1_97' title='bbox 105 1332 221 1405; x_wconf 85' lang='lat' dir='ltr'><strong>excipit</strong></span> <span class='ocrx_word' id='word_1_98' title='bbox 231 1338 262 1392; x_wconf 94' lang='lat' dir='ltr'><strong>et</strong></span> <span class='ocrx_word' id='word_1_99' title='bbox 272 1331 341 1393; x_wconf 90' lang='lat' dir='ltr'><strong>ideo</strong></span> <span class='ocrx_word' id='word_1_100' title='bbox 353 1333 443 1393; x_wconf 90' lang='lat' dir='ltr'><strong>nullis</strong></span> <span class='ocrx_word' id='word_1_101' title='bbox 454 1333 551 1408; x_wconf 92' lang='lat' dir='ltr'><strong>magis</strong></span> <span class='ocrx_word' id='word_1_102' title='bbox 563 1334 731 1394; x_wconf 90' lang='lat' dir='ltr'><strong>curandum</strong></span> <span class='ocrx_word' id='word_1_103' title='bbox 749 1340 810 1405; x_wconf 91' lang='lat' dir='ltr'><strong>est,</strong></span> <span class='ocrx_word' id='word_1_104' title='bbox 825 1335 946 1408; x_wconf 89' lang='lat' dir='ltr'><strong>qualem</strong></span> <span class='ocrx_word' id='word_1_105' title='bbox 962 1336 1074 1394; x_wconf 89' lang='lat' dir='ltr'><strong>lamam</strong></span> 
     </span>
     <span class='ocr_line' id='line_1_14' title="bbox 105 1414 1073 1493; baseline 0.003 -19"><span class='ocrx_word' id='word_1_106' title='bbox 105 1414 246 1489; x_wconf 86' lang='lat' dir='ltr'><strong>habeant,</strong></span> <span class='ocrx_word' id='word_1_107' title='bbox 262 1432 352 1490; x_wconf 89' lang='lat' dir='ltr'><strong>quarn</strong></span> <span class='ocrx_word' id='word_1_108' title='bbox 368 1417 420 1491; x_wconf 91' lang='lat' dir='ltr'><strong>qui</strong></span> <span class='ocrx_word' id='word_1_109' title='bbox 432 1419 684 1493; x_wconf 81' lang='lat' dir='ltr'><strong>qualemcumque</strong></span> <span class='ocrx_word' id='word_1_110' title='bbox 695 1417 859 1478; x_wconf 75' lang='lat' dir='ltr'><strong>meruerint</strong></span> <span class='ocrx_word' id='word_1_111' title='bbox 870 1433 1010 1492; x_wconf 89' lang='lat' dir='ltr'><strong>magnam</strong></span> <span class='ocrx_word' id='word_1_112' title='bbox 1020 1417 1073 1477; x_wconf 90' lang='lat' dir='ltr'><strong>ha-</strong></span> 
     </span>
     <span class='ocr_line' id='line_1_15' title="bbox 105 1497 1106 1577; baseline 0.002 -19"><span class='ocrx_word' id='word_1_113' title='bbox 105 1497 196 1559; x_wconf 88' lang='lat' dir='ltr'><strong>bituri</strong></span> <span class='ocrx_word' id='word_1_114' title='bbox 207 1506 285 1562; x_wconf 89' lang='lat' dir='ltr'><strong>sunt.</strong></span> <span class='ocrx_word' id='word_1_115' title='bbox 305 1499 400 1573; x_wconf 84' lang='lat' dir='ltr'><strong>Quam</strong></span> <span class='ocrx_word' id='word_1_116' title='bbox 412 1502 503 1561; x_wconf 80' lang='lat' dir='ltr'><strong>mrtlta</strong></span> <span class='ocrx_word' id='word_1_117' title='bbox 514 1500 567 1559; x_wconf 90' lang='lat' dir='ltr'><strong>tihi</strong></span> <span class='ocrx_word' id='word_1_118' title='bbox 580 1517 641 1560; x_wconf 92' lang='lat' dir='ltr'><strong>non</strong></span> <span class='ocrx_word' id='word_1_119' title='bbox 653 1501 752 1571; x_wconf 88' lang='lat' dir='ltr'><strong>licent,</strong></span> <span class='ocrx_word' id='word_1_120' title='bbox 765 1516 844 1577; x_wconf 89' lang='lat' dir='ltr'><strong>quae</strong></span> <span class='ocrx_word' id='word_1_121' title='bbox 859 1500 948 1561; x_wconf 88' lang='lat' dir='ltr'><strong>nobis</strong></span> <span class='ocrx_word' id='word_1_122' title='bbox 959 1500 1073 1560; x_wconf 84' lang='lat' dir='ltr'><strong>benoli-</strong></span> <span class='ocrx_word' id='word_1_123' title='bbox 1087 1516 1106 1571; x_wconf 82' lang='lat'><em>2</em></span> 
     </span>
    </p>
   </div>
   <div class='ocr_carea' id='block_1_4' title="bbox 103 1583 1105 3582">
    <p class='ocr_par' dir='ltr' id='par_1_5' title="bbox 103 1583 1105 3582">
     <span class='ocr_line' id='line_1_16' title="bbox 105 1583 1072 1659; baseline 0.003 -18"><span class='ocrx_word' id='word_1_124' title='bbox 105 1583 153 1643; x_wconf 93' lang='lat' dir='ltr'><strong>cio</strong></span> <span class='ocrx_word' id='word_1_125' title='bbox 165 1590 217 1643; x_wconf 92' lang='lat' dir='ltr'><strong>tuo</strong></span> <span class='ocrx_word' id='word_1_126' title='bbox 232 1584 345 1643; x_wconf 75' lang='lat' dir='ltr'><strong>licentt</strong></span> <span class='ocrx_word' id='word_1_127' title='bbox 365 1583 494 1644; x_wconf 88' lang='lat' dir='ltr'><strong>Possum</strong></span> <span class='ocrx_word' id='word_1_128' title='bbox 507 1584 536 1643; x_wconf 91' lang='lat' dir='ltr'><strong>in</strong></span> <span class='ocrx_word' id='word_1_129' title='bbox 551 1584 683 1659; x_wconf 89' lang='lat' dir='ltr'><strong>qualibet</strong></span> <span class='ocrx_word' id='word_1_130' title='bbox 695 1593 780 1658; x_wconf 88' lang='lat' dir='ltr'><strong>parte</strong></span> <span class='ocrx_word' id='word_1_131' title='bbox 790 1585 874 1645; x_wconf 90' lang='lat' dir='ltr'><strong>urbis</strong></span> <span class='ocrx_word' id='word_1_132' title='bbox 894 1586 980 1644; x_wconf 92' lang='lat' dir='ltr'><strong>solus</strong></span> <span class='ocrx_word' id='word_1_133' title='bbox 991 1584 1072 1645; x_wconf 90' lang='lat' dir='ltr'><strong>ince-</strong></span> 
     </span>
     <span class='ocr_line' id='line_1_17' title="bbox 103 1667 1072 1743; baseline 0 -17"><span class='ocrx_word' id='word_1_134' title='bbox 103 1667 179 1726; x_wconf 86' lang='lat' dir='ltr'><strong>dere</strong></span> <span class='ocrx_word' id='word_1_135' title='bbox 194 1667 260 1727; x_wconf 91' lang='lat' dir='ltr'><strong>sine</strong></span> <span class='ocrx_word' id='word_1_136' title='bbox 275 1667 399 1742; x_wconf 89' lang='lat' dir='ltr'><strong>timore,</strong></span> <span class='ocrx_word' id='word_1_137' title='bbox 420 1667 559 1743; x_wconf 86' lang='lat' dir='ltr'><strong>quamvis</strong></span> <span class='ocrx_word' id='word_1_138' title='bbox 579 1669 679 1728; x_wconf 92' lang='lat' dir='ltr'><strong>nullus</strong></span> <span class='ocrx_word' id='word_1_139' title='bbox 696 1675 842 1743; x_wconf 89' lang='lat' dir='ltr'><strong>sequatur</strong></span> <span class='ocrx_word' id='word_1_140' title='bbox 863 1683 984 1739; x_wconf 90' lang='lat' dir='ltr'><strong>comes,</strong></span> <span class='ocrx_word' id='word_1_141' title='bbox 1008 1669 1072 1728; x_wconf 90' lang='lat' dir='ltr'><strong>nul·</strong></span> 
     </span>
     <span class='ocr_line' id='line_1_18' title="bbox 105 1750 1072 1826; baseline 0.001 -17"><span class='ocrx_word' id='word_1_142' title='bbox 105 1751 155 1810; x_wconf 93' lang='lat' dir='ltr'><strong>lus</strong></span> <span class='ocrx_word' id='word_1_143' title='bbox 169 1751 209 1811; x_wconf 91' lang='lat' dir='ltr'><strong>sit</strong></span> <span class='ocrx_word' id='word_1_144' title='bbox 223 1752 319 1823; x_wconf 89' lang='lat' dir='ltr'><strong>domi,</strong></span> <span class='ocrx_word' id='word_1_145' title='bbox 334 1753 436 1812; x_wconf 89' lang='lat' dir='ltr'><strong>nullus</strong></span> <span class='ocrx_word' id='word_1_146' title='bbox 451 1752 489 1810; x_wconf 89' lang='lat' dir='ltr'><strong>ad</strong></span> <span class='ocrx_word' id='word_1_147' title='bbox 503 1753 581 1810; x_wconf 87' lang='lat' dir='ltr'><strong>latus</strong></span> <span class='ocrx_word' id='word_1_148' title='bbox 595 1751 731 1826; x_wconf 77' lang='lat' dir='ltr'><strong>gladius:</strong></span> <span class='ocrx_word' id='word_1_149' title='bbox 754 1752 807 1812; x_wconf 91' lang='lat' dir='ltr'><strong>tibi</strong></span> <span class='ocrx_word' id='word_1_150' title='bbox 821 1750 852 1810; x_wconf 91' lang='lat' dir='ltr'><strong>in</strong></span> <span class='ocrx_word' id='word_1_151' title='bbox 868 1758 919 1810; x_wconf 91' lang='lat' dir='ltr'><strong>tua</strong></span> <span class='ocrx_word' id='word_1_152' title='bbox 935 1767 1011 1826; x_wconf 88' lang='lat' dir='ltr'><strong>pace</strong></span> <span class='ocrx_word' id='word_1_153' title='bbox 1024 1768 1072 1811; x_wconf 92' lang='lat' dir='ltr'><strong>ar·</strong></span> 
     </span>
     <span class='ocr_line' id='line_1_19' title="bbox 106 1833 1072 1910; baseline 0 -18"><span class='ocrx_word' id='word_1_154' title='bbox 106 1843 187 1894; x_wconf 89' lang='lat' dir='ltr'><strong>mato</strong></span> <span class='ocrx_word' id='word_1_155' title='bbox 202 1834 366 1895; x_wconf 90' lang='lat' dir='ltr'><strong>vivendum</strong></span> <span class='ocrx_word' id='word_1_156' title='bbox 382 1842 438 1894; x_wconf 93' lang='lat' dir='ltr'><strong>est.</strong></span> <span class='ocrx_word' id='word_1_157' title='bbox 470 1833 622 1894; x_wconf 83' lang='lat' dir='ltr'><strong>Aberrare</strong></span> <span class='ocrx_word' id='word_1_158' title='bbox 641 1851 660 1893; x_wconf 91' lang='lat' dir='ltr'><strong>a</strong></span> <span class='ocrx_word' id='word_1_159' title='bbox 681 1836 800 1896; x_wconf 82' lang='lat' dir='ltr'><strong>fortuna</strong></span> <span class='ocrx_word' id='word_1_160' title='bbox 819 1842 871 1895; x_wconf 89' lang='lat' dir='ltr'><strong>tua</strong></span> <span class='ocrx_word' id='word_1_161' title='bbox 892 1850 952 1894; x_wconf 89' lang='lat' dir='ltr'><strong>non</strong></span> <span class='ocrx_word' id='word_1_162' title='bbox 973 1843 1072 1910; x_wconf 87' lang='lat' dir='ltr'><strong>potes.</strong></span> 
     </span>
     <span class='ocr_line' id='line_1_20' title="bbox 106 1916 1072 1994; baseline 0 -16"><span class='ocrx_word' id='word_1_163' title='bbox 106 1916 227 1978; x_wconf 88' lang='lat' dir='ltr'><strong>obsidet</strong></span> <span class='ocrx_word' id='word_1_164' title='bbox 240 1924 270 1977; x_wconf 90' lang='lat' dir='ltr'><strong>te</strong></span> <span class='ocrx_word' id='word_1_165' title='bbox 285 1925 315 1978; x_wconf 89' lang='lat' dir='ltr'><strong>et</strong></span> <span class='ocrx_word' id='word_1_166' title='bbox 329 1934 523 1994; x_wconf 89' lang='lat' dir='ltr'><strong>quocumque</strong></span> <span class='ocrx_word' id='word_1_167' title='bbox 541 1917 719 1990; x_wconf 88' lang='lat' dir='ltr'><strong>descendis,</strong></span> <span class='ocrx_word' id='word_1_168' title='bbox 735 1935 845 1994; x_wconf 88' lang='lat' dir='ltr'><strong>magno</strong></span> <span class='ocrx_word' id='word_1_169' title='bbox 861 1919 1010 1993; x_wconf 86' lang='lat' dir='ltr'><strong>adparatu</strong></span> <span class='ocrx_word' id='word_1_170' title='bbox 1025 1935 1072 1979; x_wconf 94' lang='lat' dir='ltr'><strong>se-</strong></span> 
     </span>
     <span class='ocr_line' id='line_1_21' title="bbox 107 2001 1105 2078; baseline 0.002 -18"><span class='ocrx_word' id='word_1_171' title='bbox 107 2001 216 2074; x_wconf 89' lang='lat' dir='ltr'><strong>quitur.</strong></span> <span class='ocrx_word' id='word_1_172' title='bbox 236 2001 290 2062; x_wconf 84' lang='lat' dir='ltr'><strong>Est</strong></span> <span class='ocrx_word' id='word_1_173' title='bbox 300 2002 376 2062; x_wconf 88' lang='lat' dir='ltr'><strong>haec</strong></span> <span class='ocrx_word' id='word_1_174' title='bbox 387 2017 523 2063; x_wconf 87' lang='lat' dir='ltr'><strong>summae</strong></span> <span class='ocrx_word' id='word_1_175' title='bbox 534 2001 748 2077; x_wconf 83' lang='lat' dir='ltr'><strong>magnitudinis</strong></span> <span class='ocrx_word' id='word_1_176' title='bbox 760 2002 892 2063; x_wconf 91' lang='lat' dir='ltr'><strong>servitus</strong></span> <span class='ocrx_word' id='word_1_177' title='bbox 904 2020 965 2064; x_wconf 91' lang='lat' dir='ltr'><strong>non</strong></span> <span class='ocrx_word' id='word_1_178' title='bbox 978 2019 1073 2078; x_wconf 88' lang='lat' dir='ltr'><strong>posse</strong></span> <span class='ocrx_word' id='word_1_179' title='bbox 1086 2014 1105 2069; x_wconf 74' lang='lat' dir='ltr'><strong>a</strong></span> 
     </span>
     <span class='ocr_line' id='line_1_22' title="bbox 104 2084 1072 2161; baseline 0 -17"><span class='ocrx_word' id='word_1_180' title='bbox 104 2085 172 2144; x_wconf 91' lang='lat' dir='ltr'><strong>fieri</strong></span> <span class='ocrx_word' id='word_1_181' title='bbox 186 2084 341 2145; x_wconf 90' lang='lat' dir='ltr'><strong>minorem.</strong></span> <span class='ocrx_word' id='word_1_182' title='bbox 365 2087 421 2146; x_wconf 94' lang='lat' dir='ltr'><strong>sed</strong></span> <span class='ocrx_word' id='word_1_183' title='bbox 437 2102 506 2145; x_wconf 90' lang='lat' dir='ltr'><strong>cum</strong></span> <span class='ocrx_word' id='word_1_184' title='bbox 520 2084 568 2144; x_wconf 92' lang='lat' dir='ltr'><strong>dis</strong></span> <span class='ocrx_word' id='word_1_185' title='bbox 588 2085 640 2144; x_wconf 91' lang='lat' dir='ltr'><strong>tibi</strong></span> <span class='ocrx_word' id='word_1_186' title='bbox 661 2087 829 2146; x_wconf 90' lang='lat' dir='ltr'><strong>communis</strong></span> <span class='ocrx_word' id='word_1_187' title='bbox 850 2087 919 2161; x_wconf 90' lang='lat' dir='ltr'><strong>ipsa</strong></span> <span class='ocrx_word' id='word_1_188' title='bbox 937 2087 1072 2146; x_wconf 90' lang='lat' dir='ltr'><strong>necessi·</strong></span> 
     </span>
     <span class='ocr_line' id='line_1_23' title="bbox 104 2170 1072 2245; baseline -0.002 -16"><span class='ocrx_word' id='word_1_189' title='bbox 104 2177 152 2229; x_wconf 90' lang='lat' dir='ltr'><strong>tas</strong></span> <span class='ocrx_word' id='word_1_190' title='bbox 177 2177 234 2229; x_wconf 87' lang='lat' dir='ltr'><strong>est</strong></span> <span class='ocrx_word' id='word_1_191' title='bbox 262 2186 331 2230; x_wconf 87' lang='lat' dir='ltr'><strong>nam</strong></span> <span class='ocrx_word' id='word_1_192' title='bbox 353 2170 423 2230; x_wconf 91' lang='lat' dir='ltr'><strong>illos</strong></span> <span class='ocrx_word' id='word_1_193' title='bbox 449 2185 574 2245; x_wconf 88' lang='lat' dir='ltr'><strong>quoque</strong></span> <span class='ocrx_word' id='word_1_194' title='bbox 593 2170 711 2230; x_wconf 90' lang='lat' dir='ltr'><strong>coelum</strong></span> <span class='ocrx_word' id='word_1_195' title='bbox 734 2170 884 2244; x_wconf 84' lang='lat' dir='ltr'><strong>adligatos</strong></span> <span class='ocrx_word' id='word_1_196' title='bbox 908 2177 991 2228; x_wconf 89' lang='lat' dir='ltr'><strong>tenet</strong></span> <span class='ocrx_word' id='word_1_197' title='bbox 1015 2184 1072 2228; x_wconf 93' lang='lat' dir='ltr'><strong>nec</strong></span> 
     </span>
     <span class='ocr_line' id='line_1_24' title="bbox 105 2252 1071 2328; baseline 0 -18"><span class='ocrx_word' id='word_1_198' title='bbox 105 2252 202 2326; x_wconf 88' lang='lat' dir='ltr'><strong>magis</strong></span> <span class='ocrx_word' id='word_1_199' title='bbox 217 2253 275 2312; x_wconf 91' lang='lat' dir='ltr'><strong>illis</strong></span> <span class='ocrx_word' id='word_1_200' title='bbox 291 2255 479 2314; x_wconf 90' lang='lat' dir='ltr'><strong>descendere</strong></span> <span class='ocrx_word' id='word_1_201' title='bbox 494 2253 598 2313; x_wconf 87' lang='lat' dir='ltr'><strong>datum</strong></span> <span class='ocrx_word' id='word_1_202' title='bbox 618 2259 666 2312; x_wconf 86' lang='lat' dir='ltr'><strong>est</strong></span> <span class='ocrx_word' id='word_1_203' title='bbox 681 2269 771 2328; x_wconf 88' lang='lat' dir='ltr'><strong>quam</strong></span> <span class='ocrx_word' id='word_1_204' title='bbox 787 2253 839 2312; x_wconf 89' lang='lat' dir='ltr'><strong>tibi</strong></span> <span class='ocrx_word' id='word_1_205' title='bbox 855 2260 959 2311; x_wconf 90' lang='lat' dir='ltr'><strong>tutum.</strong></span> <span class='ocrx_word' id='word_1_206' title='bbox 989 2252 1071 2311; x_wconf 91' lang='lat' dir='ltr'><strong>lasti-</strong></span> 
     </span>
     <span class='ocr_line' id='line_1_25' title="bbox 106 2335 1105 2411; baseline 0.009 -18"><span class='ocrx_word' id='word_1_207' title='bbox 106 2335 155 2409; x_wconf 90' lang='lat' dir='ltr'><strong>gio</strong></span> <span class='ocrx_word' id='word_1_208' title='bbox 168 2343 218 2394; x_wconf 92' lang='lat' dir='ltr'><strong>tuo</strong></span> <span class='ocrx_word' id='word_1_209' title='bbox 233 2337 355 2397; x_wconf 86' lang='lat' dir='ltr'><strong>adfixus</strong></span> <span class='ocrx_word' id='word_1_210' title='bbox 374 2353 418 2398; x_wconf 93' lang='lat' dir='ltr'><strong>es.</strong></span> <span class='ocrx_word' id='word_1_211' title='bbox 461 2337 590 2398; x_wconf 89' lang='lat' dir='ltr'><strong>Nostros</strong></span> <span class='ocrx_word' id='word_1_212' title='bbox 611 2343 711 2396; x_wconf 89' lang='lat' dir='ltr'><strong>motus</strong></span> <span class='ocrx_word' id='word_1_213' title='bbox 731 2336 822 2411; x_wconf 88' lang='lat' dir='ltr'><strong>pauci</strong></span> <span class='ocrx_word' id='word_1_214' title='bbox 839 2337 979 2396; x_wconf 89' lang='lat' dir='ltr'><strong>sentiunt.</strong></span> <span class='ocrx_word' id='word_1_215' title='bbox 1002 2347 1105 2411; x_wconf 78' lang='lat' dir='ltr'><strong>pro-4</strong></span> 
     </span>
     <span class='ocr_line' id='line_1_26' title="bbox 106 2417 1072 2494; baseline 0.004 -18"><span class='ocrx_word' id='word_1_216' title='bbox 106 2418 172 2477; x_wconf 93' lang='lat' dir='ltr'><strong>dire</strong></span> <span class='ocrx_word' id='word_1_217' title='bbox 187 2418 275 2479; x_wconf 89' lang='lat' dir='ltr'><strong>nobis</strong></span> <span class='ocrx_word' id='word_1_218' title='bbox 290 2435 326 2479; x_wconf 86' lang='lat' dir='ltr'><strong>ac</strong></span> <span class='ocrx_word' id='word_1_219' title='bbox 340 2422 485 2481; x_wconf 89' lang='lat' dir='ltr'><strong>recedere</strong></span> <span class='ocrx_word' id='word_1_220' title='bbox 500 2428 529 2481; x_wconf 88' lang='lat' dir='ltr'><strong>et</strong></span> <span class='ocrx_word' id='word_1_221' title='bbox 543 2427 658 2480; x_wconf 89' lang='lat' dir='ltr'><strong>mutare</strong></span> <span class='ocrx_word' id='word_1_222' title='bbox 673 2418 806 2480; x_wconf 89' lang='lat' dir='ltr'><strong>habitum</strong></span> <span class='ocrx_word' id='word_1_223' title='bbox 821 2417 887 2477; x_wconf 91' lang='lat' dir='ltr'><strong>sine</strong></span> <span class='ocrx_word' id='word_1_224' title='bbox 907 2435 1002 2480; x_wconf 88' lang='lat' dir='ltr'><strong>sensu</strong></span> <span class='ocrx_word' id='word_1_225' title='bbox 1016 2436 1072 2494; x_wconf 86' lang='lat' dir='ltr'><strong>pu-</strong></span> 
     </span>
     <span class='ocr_line' id='line_1_27' title="bbox 105 2499 1071 2578; baseline 0.003 -20"><span class='ocrx_word' id='word_1_226' title='bbox 105 2499 185 2560; x_wconf 90' lang='lat' dir='ltr'><strong>blico</strong></span> <span class='ocrx_word' id='word_1_227' title='bbox 206 2503 289 2562; x_wconf 88' lang='lat' dir='ltr'><strong>licet:</strong></span> <span class='ocrx_word' id='word_1_228' title='bbox 309 2503 362 2563; x_wconf 89' lang='lat' dir='ltr'><strong>tibi</strong></span> <span class='ocrx_word' id='word_1_229' title='bbox 387 2521 448 2564; x_wconf 88' lang='lat' dir='ltr'><strong>non</strong></span> <span class='ocrx_word' id='word_1_230' title='bbox 474 2504 570 2578; x_wconf 90' lang='lat' dir='ltr'><strong>magis</strong></span> <span class='ocrx_word' id='word_1_231' title='bbox 596 2521 687 2578; x_wconf 89' lang='lat' dir='ltr'><strong>quam</strong></span> <span class='ocrx_word' id='word_1_232' title='bbox 713 2504 772 2563; x_wconf 92' lang='lat' dir='ltr'><strong>soli</strong></span> <span class='ocrx_word' id='word_1_233' title='bbox 796 2505 891 2561; x_wconf 88' lang='lat' dir='ltr'><strong>latere</strong></span> <span class='ocrx_word' id='word_1_234' title='bbox 915 2503 1071 2578; x_wconf 86' lang='lat' dir='ltr'><strong>contingit.</strong></span> 
     </span>
     <span class='ocr_line' id='line_1_28' title="bbox 107 2585 1071 2648; baseline 0.004 -6"><span class='ocrx_word' id='word_1_235' title='bbox 107 2586 201 2644; x_wconf 90' lang='lat' dir='ltr'><strong>multa</strong></span> <span class='ocrx_word' id='word_1_236' title='bbox 217 2594 322 2646; x_wconf 87' lang='lat' dir='ltr'><strong>contra</strong></span> <span class='ocrx_word' id='word_1_237' title='bbox 336 2596 365 2647; x_wconf 90' lang='lat' dir='ltr'><strong>te</strong></span> <span class='ocrx_word' id='word_1_238' title='bbox 379 2590 432 2648; x_wconf 87' lang='lat' dir='ltr'><strong>lux</strong></span> <span class='ocrx_word' id='word_1_239' title='bbox 447 2596 504 2648; x_wconf 88' lang='lat' dir='ltr'><strong>est.</strong></span> <span class='ocrx_word' id='word_1_240' title='bbox 533 2587 665 2648; x_wconf 90' lang='lat' dir='ltr'><strong>omnium</strong></span> <span class='ocrx_word' id='word_1_241' title='bbox 684 2587 714 2645; x_wconf 91' lang='lat' dir='ltr'><strong>in</strong></span> <span class='ocrx_word' id='word_1_242' title='bbox 729 2587 819 2647; x_wconf 89' lang='lat' dir='ltr'><strong>istam</strong></span> <span class='ocrx_word' id='word_1_243' title='bbox 834 2587 975 2646; x_wconf 89' lang='lat' dir='ltr'><strong>conversi</strong></span> <span class='ocrx_word' id='word_1_244' title='bbox 991 2585 1071 2646; x_wconf 91' lang='lat' dir='ltr'><strong>oculi</strong></span> 
     </span>
     <span class='ocr_line' id='line_1_29' title="bbox 104 2669 1102 2746; baseline 0 -18"><span class='ocrx_word' id='word_1_245' title='bbox 104 2679 186 2728; x_wconf 88' lang='lat' dir='ltr'><strong>sunt.</strong></span> <span class='ocrx_word' id='word_1_246' title='bbox 219 2670 340 2743; x_wconf 89' lang='lat' dir='ltr'><strong>prodire</strong></span> <span class='ocrx_word' id='word_1_247' title='bbox 359 2678 389 2730; x_wconf 94' lang='lat' dir='ltr'><strong>te</strong></span> <span class='ocrx_word' id='word_1_248' title='bbox 410 2677 522 2746; x_wconf 70' lang='lat' dir='ltr'><strong>putas?</strong></span> <span class='ocrx_word' id='word_1_249' title='bbox 553 2671 650 2730; x_wconf 91' lang='lat' dir='ltr'><strong>oriris.</strong></span> <span class='ocrx_word' id='word_1_250' title='bbox 677 2669 776 2745; x_wconf 92' lang='lat' dir='ltr'><strong>Loqui</strong></span> <span class='ocrx_word' id='word_1_251' title='bbox 800 2687 861 2731; x_wconf 92' lang='lat' dir='ltr'><strong>non</strong></span> <span class='ocrx_word' id='word_1_252' title='bbox 888 2679 993 2744; x_wconf 87' lang='lat' dir='ltr'><strong>potes,</strong></span> <span class='ocrx_word' id='word_1_253' title='bbox 1013 2669 1102 2736; x_wconf 75' lang='lat' dir='ltr'><strong>nisio</strong></span> 
     </span>
     <span class='ocr_line' id='line_1_30' title="bbox 104 2751 1072 2830; baseline 0 -18"><span class='ocrx_word' id='word_1_254' title='bbox 104 2760 138 2812; x_wconf 91' lang='lat' dir='ltr'><strong>ut</strong></span> <span class='ocrx_word' id='word_1_255' title='bbox 152 2768 258 2812; x_wconf 90' lang='lat' dir='ltr'><strong>vocem</strong></span> <span class='ocrx_word' id='word_1_256' title='bbox 276 2759 357 2813; x_wconf 90' lang='lat' dir='ltr'><strong>tuom</strong></span> <span class='ocrx_word' id='word_1_257' title='bbox 373 2770 452 2829; x_wconf 91' lang='lat' dir='ltr'><strong>quae</strong></span> <span class='ocrx_word' id='word_1_258' title='bbox 467 2754 582 2830; x_wconf 89' lang='lat' dir='ltr'><strong>ubique</strong></span> <span class='ocrx_word' id='word_1_259' title='bbox 596 2760 666 2814; x_wconf 90' lang='lat' dir='ltr'><strong>sunt</strong></span> <span class='ocrx_word' id='word_1_260' title='bbox 679 2761 786 2829; x_wconf 80' lang='lat' dir='ltr'><strong>gentes</strong></span> <span class='ocrx_word' id='word_1_261' title='bbox 798 2754 958 2828; x_wconf 82' lang='lat' dir='ltr'><strong>excipiant.</strong></span> <span class='ocrx_word' id='word_1_262' title='bbox 980 2751 1072 2814; x_wconf 92' lang='lat' dir='ltr'><strong>irasci</strong></span> 
     </span>
     <span class='ocr_line' id='line_1_31' title="bbox 104 2836 1072 2913; baseline 0.001 -18"><span class='ocrx_word' id='word_1_263' title='bbox 104 2852 168 2896; x_wconf 89' lang='lat' dir='ltr'><strong>non</strong></span> <span class='ocrx_word' id='word_1_264' title='bbox 180 2843 284 2911; x_wconf 88' lang='lat' dir='ltr'><strong>potes,</strong></span> <span class='ocrx_word' id='word_1_265' title='bbox 299 2836 358 2897; x_wconf 88' lang='lat' dir='ltr'><strong>nisi</strong></span> <span class='ocrx_word' id='word_1_266' title='bbox 372 2845 405 2899; x_wconf 94' lang='lat' dir='ltr'><strong>ut</strong></span> <span class='ocrx_word' id='word_1_267' title='bbox 419 2839 520 2897; x_wconf 89' lang='lat' dir='ltr'><strong>omnia</strong></span> <span class='ocrx_word' id='word_1_268' title='bbox 535 2845 670 2899; x_wconf 90' lang='lat' dir='ltr'><strong>tremant.</strong></span> <span class='ocrx_word' id='word_1_269' title='bbox 696 2839 741 2897; x_wconf 93' lang='lat' dir='ltr'><strong>sic</strong></span> <span class='ocrx_word' id='word_1_270' title='bbox 752 2838 903 2896; x_wconf 89' lang='lat' dir='ltr'><strong>neminem</strong></span> <span class='ocrx_word' id='word_1_271' title='bbox 915 2836 1072 2913; x_wconf 86' lang='lat' dir='ltr'><strong>adfligere,</strong></span> 
     </span>
     <span class='ocr_line' id='line_1_32' title="bbox 105 2919 1070 2997; baseline 0 -18"><span class='ocrx_word' id='word_1_272' title='bbox 105 2920 164 2980; x_wconf 90' lang='lat' dir='ltr'><strong>nisi</strong></span> <span class='ocrx_word' id='word_1_273' title='bbox 180 2929 212 2979; x_wconf 91' lang='lat' dir='ltr'><strong>ut</strong></span> <span class='ocrx_word' id='word_1_274' title='bbox 227 2919 372 2995; x_wconf 90' lang='lat' dir='ltr'><strong>quioquid</strong></span> <span class='ocrx_word' id='word_1_275' title='bbox 390 2920 471 2982; x_wconf 87' lang='lat' dir='ltr'><strong>circa</strong></span> <span class='ocrx_word' id='word_1_276' title='bbox 490 2922 579 2982; x_wconf 88' lang='lat' dir='ltr'><strong>luerit</strong></span> <span class='ocrx_word' id='word_1_277' title='bbox 598 2921 757 2997; x_wconf 86' lang='lat' dir='ltr'><strong>quatiatur.</strong></span> <span class='ocrx_word' id='word_1_278' title='bbox 790 2921 830 2982; x_wconf 90' lang='lat' dir='ltr'><strong>Ut</strong></span> <span class='ocrx_word' id='word_1_279' title='bbox 853 2921 977 2982; x_wconf 87' lang='lat' dir='ltr'><strong>lulmina</strong></span> <span class='ocrx_word' id='word_1_280' title='bbox 996 2936 1070 2996; x_wconf 93' lang='lat' dir='ltr'><strong>pau-</strong></span> 
     </span>
     <span class='ocr_line' id='line_1_33' title="bbox 106 3004 1071 3078; baseline -0.001 -15"><span class='ocrx_word' id='word_1_281' title='bbox 106 3019 211 3063; x_wconf 88' lang='lat' dir='ltr'><strong>corum</strong></span> <span class='ocrx_word' id='word_1_282' title='bbox 232 3004 367 3078; x_wconf 86' lang='lat' dir='ltr'><strong>periculo</strong></span> <span class='ocrx_word' id='word_1_283' title='bbox 390 3005 516 3077; x_wconf 90' lang='lat' dir='ltr'><strong>cadunt,</strong></span> <span class='ocrx_word' id='word_1_284' title='bbox 541 3006 673 3065; x_wconf 90' lang='lat' dir='ltr'><strong>omnium</strong></span> <span class='ocrx_word' id='word_1_285' title='bbox 699 3013 795 3078; x_wconf 88' lang='lat' dir='ltr'><strong>metu,</strong></span> <span class='ocrx_word' id='word_1_286' title='bbox 817 3004 862 3064; x_wconf 89' lang='lat' dir='ltr'><strong>sic</strong></span> <span class='ocrx_word' id='word_1_287' title='bbox 883 3004 1071 3064; x_wconf 86' lang='lat' dir='ltr'><strong>animadver-</strong></span> 
     </span>
     <span class='ocr_line' id='line_1_34' title="bbox 104 3089 1071 3163; baseline -0.001 -16"><span class='ocrx_word' id='word_1_288' title='bbox 104 3089 209 3148; x_wconf 81' lang='lat' dir='ltr'><strong>mones</strong></span> <span class='ocrx_word' id='word_1_289' title='bbox 224 3103 399 3161; x_wconf 89' lang='lat' dir='ltr'><strong>magnarum</strong></span> <span class='ocrx_word' id='word_1_290' title='bbox 413 3095 597 3163; x_wconf 88' lang='lat' dir='ltr'><strong>potestatum</strong></span> <span class='ocrx_word' id='word_1_291' title='bbox 610 3097 723 3150; x_wconf 89' lang='lat' dir='ltr'><strong>terrent</strong></span> <span class='ocrx_word' id='word_1_292' title='bbox 736 3089 826 3149; x_wconf 89' lang='lat' dir='ltr'><strong>latius</strong></span> <span class='ocrx_word' id='word_1_293' title='bbox 846 3104 936 3163; x_wconf 89' lang='lat' dir='ltr'><strong>quam</strong></span> <span class='ocrx_word' id='word_1_294' title='bbox 951 3095 1071 3162; x_wconf 86' lang='lat' dir='ltr'><strong>nocent,</strong></span> 
     </span>
     <span class='ocr_line' id='line_1_35' title="bbox 104 3170 1072 3249; baseline 0 -19"><span class='ocrx_word' id='word_1_295' title='bbox 104 3188 166 3231; x_wconf 92' lang='lat' dir='ltr'><strong>non</strong></span> <span class='ocrx_word' id='word_1_296' title='bbox 181 3170 248 3230; x_wconf 90' lang='lat' dir='ltr'><strong>sine</strong></span> <span class='ocrx_word' id='word_1_297' title='bbox 266 3187 368 3232; x_wconf 91' lang='lat' dir='ltr'><strong>causa.</strong></span> <span class='ocrx_word' id='word_1_298' title='bbox 390 3189 451 3231; x_wconf 91' lang='lat' dir='ltr'><strong>non</strong></span> <span class='ocrx_word' id='word_1_299' title='bbox 467 3173 546 3231; x_wconf 90' lang='lat' dir='ltr'><strong>enim</strong></span> <span class='ocrx_word' id='word_1_300' title='bbox 561 3180 704 3249; x_wconf 91' lang='lat' dir='ltr'><strong>quantum</strong></span> <span class='ocrx_word' id='word_1_301' title='bbox 718 3172 839 3244; x_wconf 87' lang='lat' dir='ltr'><strong>lecerit,</strong></span> <span class='ocrx_word' id='word_1_302' title='bbox 857 3172 913 3232; x_wconf 90' lang='lat' dir='ltr'><strong>sed</strong></span> <span class='ocrx_word' id='word_1_303' title='bbox 926 3179 1072 3247; x_wconf 89' lang='lat' dir='ltr'><strong>quantum</strong></span> 
     </span>
     <span class='ocr_line' id='line_1_36' title="bbox 104 3254 1101 3332; baseline 0.005 -19"><span class='ocrx_word' id='word_1_304' title='bbox 104 3256 240 3314; x_wconf 79' lang='lat' dir='ltr'><strong>lactruus</strong></span> <span class='ocrx_word' id='word_1_305' title='bbox 260 3255 300 3316; x_wconf 89' lang='lat' dir='ltr'><strong>sit</strong></span> <span class='ocrx_word' id='word_1_306' title='bbox 320 3255 470 3332; x_wconf 88' lang='lat' dir='ltr'><strong>cogitatur</strong></span> <span class='ocrx_word' id='word_1_307' title='bbox 492 3256 523 3315; x_wconf 93' lang='lat' dir='ltr'><strong>in</strong></span> <span class='ocrx_word' id='word_1_308' title='bbox 544 3273 597 3330; x_wconf 90' lang='lat' dir='ltr'><strong>eo,</strong></span> <span class='ocrx_word' id='word_1_309' title='bbox 620 3256 672 3332; x_wconf 92' lang='lat' dir='ltr'><strong>qui</strong></span> <span class='ocrx_word' id='word_1_310' title='bbox 693 3256 795 3315; x_wconf 88' lang='lat' dir='ltr'><strong>omnia</strong></span> <span class='ocrx_word' id='word_1_311' title='bbox 820 3261 931 3330; x_wconf 84' lang='lat' dir='ltr'><strong>potest</strong></span> <span class='ocrx_word' id='word_1_312' title='bbox 974 3254 1101 3318; x_wconf 81' lang='lat' dir='ltr'><strong>Adice6</strong></span> 
     </span>
     <span class='ocr_line' id='line_1_37' title="bbox 104 3337 1071 3415; baseline 0.003 -20"><span class='ocrx_word' id='word_1_313' title='bbox 104 3353 193 3411; x_wconf 91' lang='lat' dir='ltr'><strong>nunc,</strong></span> <span class='ocrx_word' id='word_1_314' title='bbox 214 3339 298 3413; x_wconf 92' lang='lat' dir='ltr'><strong>quod</strong></span> <span class='ocrx_word' id='word_1_315' title='bbox 312 3342 448 3414; x_wconf 85' lang='lat' dir='ltr'><strong>privatos</strong></span> <span class='ocrx_word' id='word_1_316' title='bbox 462 3340 601 3400; x_wconf 91' lang='lat' dir='ltr'><strong>homines</strong></span> <span class='ocrx_word' id='word_1_317' title='bbox 616 3341 654 3399; x_wconf 91' lang='lat' dir='ltr'><strong>ad</strong></span> <span class='ocrx_word' id='word_1_318' title='bbox 667 3339 863 3415; x_wconf 89' lang='lat' dir='ltr'><strong>accipiendas</strong></span> <span class='ocrx_word' id='word_1_319' title='bbox 874 3337 1000 3399; x_wconf 85' lang='lat' dir='ltr'><strong>iniurias</strong></span> <span class='ocrx_word' id='word_1_320' title='bbox 1016 3354 1071 3413; x_wconf 87' lang='lat' dir='ltr'><strong>op·</strong></span> 
     </span>
     <span class='ocr_line' id='line_1_38' title="bbox 104 3421 1072 3499; baseline 0 -19"><span class='ocrx_word' id='word_1_321' title='bbox 104 3423 299 3496; x_wconf 88' lang='lat' dir='ltr'><strong>portunlores</strong></span> <span class='ocrx_word' id='word_1_322' title='bbox 309 3431 504 3498; x_wconf 86' lang='lat' dir='ltr'><strong>acceptarum</strong></span> <span class='ocrx_word' id='word_1_323' title='bbox 517 3424 658 3499; x_wconf 89' lang='lat' dir='ltr'><strong>patientia</strong></span> <span class='ocrx_word' id='word_1_324' title='bbox 665 3424 749 3483; x_wconf 87' lang='lat' dir='ltr'><strong>lacit:</strong></span> <span class='ocrx_word' id='word_1_325' title='bbox 765 3421 889 3497; x_wconf 89' lang='lat' dir='ltr'><strong>regibus</strong></span> <span class='ocrx_word' id='word_1_326' title='bbox 898 3422 1010 3482; x_wconf 88' lang='lat' dir='ltr'><strong>certior</strong></span> <span class='ocrx_word' id='word_1_327' title='bbox 1024 3427 1072 3481; x_wconf 89' lang='lat' dir='ltr'><strong>est</strong></span> 
     </span>
     <span class='ocr_line' id='line_1_39' title="bbox 104 3506 1069 3582; baseline 0.003 -21"><span class='ocrx_word' id='word_1_328' title='bbox 104 3520 143 3562; x_wconf 86' lang='lat' dir='ltr'><strong>ex</strong></span> <span class='ocrx_word' id='word_1_329' title='bbox 158 3507 390 3566; x_wconf 87' lang='lat' dir='ltr'><strong>mansuetudine</strong></span> <span class='ocrx_word' id='word_1_330' title='bbox 405 3508 567 3581; x_wconf 88' lang='lat' dir='ltr'><strong>securitas,</strong></span> <span class='ocrx_word' id='word_1_331' title='bbox 591 3507 662 3582; x_wconf 86' lang='lat' dir='ltr'><strong>quia</strong></span> <span class='ocrx_word' id='word_1_332' title='bbox 677 3510 822 3582; x_wconf 78' lang='lat' dir='ltr'><strong>frequens</strong></span> <span class='ocrx_word' id='word_1_333' title='bbox 843 3506 978 3566; x_wconf 87' lang='lat' dir='ltr'><strong>vindicta</strong></span> <span class='ocrx_word' id='word_1_334' title='bbox 994 3521 1069 3581; x_wconf 86' lang='lat' dir='ltr'><strong>pau-</strong></span> 
     </span>
    </p>
   </div>
   <div class='ocr_carea' id='block_1_5' title="bbox 0 0 1224 3968">
    <p class='ocr_par' dir='ltr' id='par_1_6' title="bbox 0 0 1224 3968">
     <span class='ocr_line' id='line_1_40' title="bbox 0 0 1224 3968; baseline 0 0"><span class='ocrx_word' id='word_1_335' title='bbox 0 0 1224 3968; x_wconf 95' lang='lat' dir='ltr'><strong> </strong></span> 
     </span>
    </p>
   </div>
  </div>
 </body>
</html>
