2438 3968
185 232 247 294 206
388 233 420 291 t.
441 233 588 292 ANNAEI
609 233 782 295 SENECAE
804 237 904 329 DIAL.
916 237 952 296 X.

184 384 381 455 tatisstmum,
405 384 490 458 quod
503 383 662 458 vigilantes
678 384 923 461 dormientesque
937 388 1046 448 eodem
1058 391 1157 464 gradu

186 468 331 539 iacimus,
352 468 511 543 occupatis
525 484 587 527 non
603 468 730 543 adparet
742 469 801 528 nisi
816 469 847 528 iu
862 470 931 529 fine.

158 562 173 614 1
245 553 282 611 X.
305 551 412 625 Quod
434 552 623 626 proposui
642 552 673 610 si
695 552 730 610 in
752 560 884 626 partes
907 554 1020 612 veiim
1039 561 1076 615 et
1097 572 1155 614 ar·

185 642 363 711 gumenta
383 635 587 707 diducere,
611 635 1066 710 multamihioccurrent,
1091 655 1157 714 per

187 735 285 795 quae
306 719 463 794 probem
484 718 755 779 brevissimam
770 735 861 780 esse
876 728 1155 796 occupatorum

186 805 308 864 vitam.
345 801 470 864 Solebat
490 803 592 862 dicere
612 802 780 877 Fabianus,
801 819 863 864 non
877 820 916 864 ex
931 804 979 864 bis
994 805 1174 885 cathedra-p

184 887 238 948 riis
250 886 457 962 philosophis,
473 886 529 945 sed
541 887 672 946 exveris
684 888 872 961 etantiquis=
897 889 1156 962 Condaadseelus

184 976 297 1047 inpetu,
318 987 378 1032 aon
391 972 549 1030 subtilitate
557 972 769 1046 pugnandum,
783 988 838 1032 acc
851 975 969 1032 minutis
979 976 1154 1047 volneribus,

184 1056 239 1116 scd
259 1058 382 1115 incursu
402 1055 591 1114 auertendam
611 1057 704 1115 aciem
716 1072 774 1115 non
783 1057 927 1130 probum:
953 1060 1156 1120 cavillationes

76 1178 78 1182 ι
184 1143 262 1200 enim
276 1139 418 1198 conlundi
429 1139 548 1211 dedere,
568 1153 626 1198 non
641 1141 781 1199 vellicari.
822 1140 933 1198 Tamen
949 1145 982 1200 ut
995 1139 1054 1200 iilis
1069 1156 1155 1201 error

186 1222 491 1298 exprobretursuuS,
515 1221 661 1297 (lugendi,
681 1238 742 1282 non
754 1230 867 1283 tantum
879 1223 1061 1297 deplorandi
1074 1234 1154 1284 suut.

157 1306 224 1370 tin
246 1306 322 1366 tria
342 1312 515 1382 tempora
533 1302 613 1365 vita
635 1305 841 1367 dividitur:
871 1307 955 1381 quod
973 1307 1045 1380 luit,
1070 1309 1154 1383 quod

186 1398 246 1463 est,
270 1390 353 1466 quod
372 1390 504 1451 futurum
525 1394 580 1450 εει.
616 1405 656 1448 ex
671 1389 719 1450 his
734 1391 819 1465 quod
833 1390 966 1465 agimus,
988 1390 1084 1451 breve
1098 1399 1154 1466 est,

186 1475 272 1549 quod
285 1474 381 1534 acturi
396 1488 519 1546 sumus,
542 1472 680 1543 dubium,
696 1475 780 1549 quod
795 1472 928 1550 egimus,
947 1483 1073 1535 certum.
1095 1476 1153 1535 hoc

186 1565 234 1618 est
251 1558 344 1631 enim,
369 1557 399 1618 in
424 1557 507 1633 quod
527 1559 648 1617 fortuna
665 1557 712 1618 ius
728 1558 874 1633 perdidit,
897 1560 982 1632 quod
995 1559 1025 1617 in
1041 1559 1153 1620 nuliius

186 1640 341 1701 arbitrium
355 1642 461 1701 reduci
475 1647 585 1717 potest.
608 1640 667 1701 hoc
680 1640 818 1702 amittunt
832 1642 982 1718 occupati.
1005 1657 1062 1703 nec
1075 1644 1155 1702 enim

186 1724 244 1784 iilis
259 1732 349 1785 vacat
365 1726 526 1800 praeterita
538 1724 705 1800 respicere,
727 1732 756 1784 et
770 1725 796 1784 si
807 1731 910 1799 vacet,
928 1725 1094 1787 iniucunda
1108 1733 1155 1786 est

158 1809 388 1882 apoenitendae
401 1809 446 1868 rei
459 1808 639 1868 recordatio.
662 1808 745 1869 inviti
760 1808 862 1884 itaque
874 1809 913 1868 ad
924 1816 1064 1884 tempora
1075 1813 1154 1869 maie

186 1899 294 1951 exacta
308 1892 439 1951 animum
453 1898 599 1952 revocant
613 1908 670 1952 nec
684 1893 847 1953 audentea
861 1899 1057 1968 retemptare,
1078 1910 1154 1969 quo-

185 1992 253 2034 rum
274 1975 360 2048 vitia,
382 1976 470 2035 etiam
487 1991 566 2050 quae
586 1976 689 2050 atiquo
705 1977 874 2051 praesentis
888 1977 1054 2051 voluptatis
1069 1980 1153 2037 leno-

187 2060 266 2119 cinio
283 2058 544 2133 subripiebantur,
560 2061 750 2119 1·etractando
767 2066 936 2135 patescunt.
967 2060 1080 2135 Nemo,
1096 2061 1154 2120 nisi

185 2160 207 2204 a
221 2162 282 2219 quo
298 2143 399 2205 omnia
414 2152 481 2204 acta
496 2149 568 2203 suut
582 2143 639 2202 sub
654 2159 784 2204 censura
798 2160 869 2216 sua,
893 2160 973 2220 quae
988 2161 1154 2220 numquam

158 2228 311 2301 dialtitur,
339 2226 467 2287 libenter
492 2242 526 2287 se
550 2228 580 2284 in
607 2229 799 2301 praeteritum
824 2234 988 2303 retorquet.
1027 2228 1081 2288 iiie
1102 2229 1154 2302 qui

186 2314 279 2373 muita
293 2311 453 2373 ambitiose
468 2309 636 2385 concupiit,
656 2312 788 2387 superbe
803 2312 998 2386 contempsit,
1013 2312 1152 2387 inpoten—

186 2404 232 2457 ter
244 2396 330 2470 vicit,
346 2396 495 2456 insidiose
510 2395 643 2471 decepit,
660 2411 751 2455 avare
765 2397 878 2470 rapuit,
897 2395 1025 2470 prodige
1037 2395 1154 2469 effudit,

186 2497 316 2541 necesse
330 2488 378 2540 est
398 2479 572 2540 memoriam
588 2494 673 2538 suam
687 2480 802 2538 timeat:
825 2480 908 2553 atqui
926 2479 1001 2538 haec
1018 2486 1154 2555 estpars

185 2563 333 2639 temporis
347 2564 442 2624 nostri
458 2580 546 2624 sacra
562 2579 598 2622 ac
613 2563 767 2635 dedicata,
784 2561 882 2624 omnis
896 2562 1046 2623 humanos
1062 2579 1154 2624 casus

187 2664 403 2723 supergressa,
422 2654 508 2707 extra
520 2662 645 2721 regnum
657 2648 794 2706 fortunae
806 2645 971 2719 subducta,
988 2663 1080 2721 quam
1092 2664 1154 2706 non

187 2732 306 2806 inopia,
337 2749 398 2791 non
424 2738 538 2802 metus,
569 2746 630 2791 non
650 2731 823 2789 morborum
848 2729 990 2791 incursus
1011 2731 1153 2804 exagitet.

186 2816 263 2875 haec
278 2830 335 2874 nec
350 2816 462 2876 turbari
478 2829 535 2874 nec
550 2814 625 2888 eripi
639 2821 753 2887 potest:
777 2823 924 2888 perpetua
939 2814 1005 2874 eius
1020 2821 1050 2873 ει
1063 2815 1154 2874 intre-

186 2899 259 2974 pida
281 2899 440 2974 possessio
462 2905 518 2959 est.
546 2898 662 2977 ,singuli
681 2904 795 2958 tanturn
810 2897 898 2971 dies,
920 2898 998 2957 ethi
1019 2914 1076 2973 per
1089 2914 1154 2956 mo-

186 2990 303 3058 menta,
333 2991 510 3059 praesentes
535 2989 619 3042 sunt:
649 2990 679 3041 at
703 2981 854 3055 praeteriti
875 2981 1020 3056 temporis
1036 2997 1154 3053 omnes,

188 3085 255 3127 cum
273 3067 438 3141 iusseritis,
461 3066 603 3138 aderunt,
627 3065 666 3125 ad
680 3066 832 3126 arbitrium
846 3073 928 3125 tuum
944 3064 1053 3140 inspici
1069 3081 1104 3125 se
1118 3081 1155 3126 ac

159 3152 313 3223 5detineri
331 3153 495 3227 patientur,
515 3150 598 3226 quod
614 3152 714 3209 lacere
729 3151 886 3224 occupatis
898 3165 959 3209 non
972 3153 1077 3228 vacatl
1100 3148 1154 3209 Se·

187 3252 278 3295 curae
290 3246 320 3296 et
331 3236 450 3312 quietae
461 3237 570 3295 mentis
582 3241 630 3294 est
641 3234 668 3291 in
682 3250 787 3294 omnes
799 3234 878 3292 vitae
890 3249 965 3293 suae
978 3239 1081 3308 partes
1091 3233 1153 3292 dis-

187 3335 325 3378 currere:
356 3329 572 3394 oecupatorum
594 3318 699 3389 animi,
726 3319 808 3378 vetut
829 3319 886 3377 sub
911 3318 982 3391 iugo
1002 3318 1076 3391 sint,
1100 3316 1153 3376 fle·

187 3411 268 3463 ctere
284 3419 318 3462 se
333 3420 369 3462 ac
383 3403 539 3478 respicere
554 3419 613 3463 non
630 3409 769 3477 possunt.
793 3402 854 3461 abit
868 3404 957 3475 igitur
971 3401 1033 3461 vita
1047 3416 1154 3460 eorum

186 3489 216 3547 in
235 3488 421 3563 protundum
436 3496 465 3547 ει
485 3494 518 3547 ut
532 3487 603 3546 nihil
620 3487 760 3561 prodest,
779 3485 849 3545 licet
865 3493 1009 3559 quantum
1024 3484 1097 3544 tibet
1111 3483 1151 3542 in·
