2438 3968
226 247 325 306 niun.
344 248 382 305 v.
418 245 469 310 nu
493 247 562 306 ran
582 246 653 308 ura.
670 246 720 306 111.
741 254 863 309 9-12.
938 214 941 217 ’
988 245 1032 308 aa

58 396 342 457 Circumscribenda
352 396 454 457 multis
468 396 568 457 modis
584 395 629 456 ira
643 403 698 457 cst.
722 398 868 474 pleraque
883 399 1028 460 inlusum
1043 405 1061 456 ι

56 481 220 554 iocumque
238 486 401 540 vertantur.
433 479 590 542 Socratem
606 480 688 540 aiunt
703 481 832 556 colapho
848 498 1027 557 percussum

57 564 131 624 nihil
146 564 276 639 amplius
292 563 511 639 dixissequam
525 565 705 638 „molestum
721 581 807 636 esse,
830 567 913 640 quod
928 568 1026 628 nesci-

56 647 293 721 renthomines,
303 648 425 723 quando
443 663 510 708 eum
524 650 611 723 galea
628 648 749 722 prodire
765 649 940 714 deberent.“
961 651 1060 711 Nona

58 732 315 808 quemadmodum
328 733 408 792 lacta
418 732 457 792 sit
470 731 578 792 iniuria
591 733 690 805 relert,
708 732 764 792 sed
773 732 1026 807 quemadmodum

59 819 127 876 lata.
157 830 213 875 nec
228 815 317 876 video
334 831 428 891 quare
444 815 575 875 dillicilis
594 816 633 874 sit
647 817 830 890 moderatio,
849 833 918 877 cum
932 819 1026 878 sciam

56 907 258 978 tyrannorum
274 916 398 975 quoque
413 899 527 959 tumida
544 905 573 958 et
587 901 708 960 lortuna
727 908 758 960 ει
772 900 892 960 licentia
906 901 1028 977 ingenia
1057 912 1061 922 ·

60 982 237 1044 familiarem
251 983 309 1042 sibi
325 982 483 1043 saevitiam
497 982 695 1058 repressisse.
731 984 921 1046 Pisistratum
936 993 1026 1058 certe,
1041 990 1059 1047 t

60 1067 288 1128 Atheniensium
308 1073 486 1145 tyrannum,
508 1068 671 1128 memoriae
686 1069 837 1142 proditur,
854 1085 921 1130 cum
936 1070 1029 1130 multa

58 1153 89 1211 in
104 1151 310 1211 crudelitatem
326 1151 392 1211 cius
408 1152 509 1210 ebrius
525 1151 655 1212 conviva
669 1152 799 1212 dixisset
812 1168 869 1212 nec
884 1155 1029 1215 deessent

60 1236 112 1311 qui
129 1237 237 1295 vellent
251 1252 359 1296 manus
371 1233 399 1295 ei
415 1235 608 1295 commodare
620 1241 651 1295 et
661 1234 738 1296 alius
754 1236 838 1305 hinc,
856 1238 933 1297 alius
946 1237 1028 1298 illinc

58 1321 143 1379 laces
156 1319 336 1392 subderent,
353 1319 473 1394 placido
490 1320 590 1379 animo
605 1320 712 1379 tulisse
723 1319 822 1380 cthoc
837 1319 1027 1381 irritantibus

16 1458 19 1481 ,
59 1403 261 1479 respondisse
282 1419 363 1476 „non
379 1403 475 1476 magis
492 1402 534 1461 illi
550 1419 585 1462 se
600 1418 784 1463 succensere
805 1404 938 1479 quamsi
959 1405 1028 1479 quis

59 1488 199 1563 obligatis
213 1487 309 1546 oculis
324 1486 355 1545 in
367 1502 402 1547 se
416 1487 622 1546 incurrisset.“

120 1572 184 1630 Xll.
205 1571 316 1644 Magna
331 1586 403 1645 pars
420 1570 560 1646 querelas
580 1587 671 1630 manu
686 1571 756 1630 lecit
770 1577 822 1631 aut
837 1572 913 1631 lalsa
928 1571 1060 1646 auspi-1

60 1655 158 1715 cando
173 1661 225 1715 aut
238 1656 318 1714 levia
329 1654 534 1729 adgravando.
558 1670 653 1730 saepe
667 1655 707 1714 ad
723 1671 779 1714 nos
792 1655 836 1714 ira
849 1655 945 1727 venit,
962 1670 1028 1715 sae-

60 1740 131 1813 pius
147 1755 204 1798 uos
221 1739 260 1799 ad
274 1737 364 1797 illam.
387 1753 467 1813 quae
482 1754 645 1813 numquam
661 1739 846 1799 arcessenda
862 1747 918 1799 εει.
940 1739 1028 1799 etiam

62 1839 130 1882 cum
141 1822 254 1894 incidit,
270 1821 420 1882 reiciatur.
440 1821 535 1882 Nemo
548 1822 619 1882 dicit
630 1823 703 1882 sibi=
718 1822 797 1897 „hoc
808 1830 934 1898 propter
945 1823 1061 1898 quoda

59 1905 186 1981 irascor,
202 1913 255 1966 aut
269 1907 326 1965 leci
339 1912 389 1967 aut
404 1905 516 1965 secisse
529 1907 642 1980 potui.“
667 1922 756 1966 namo
770 1908 901 1967 animum
917 1906 1027 1967 facien·
1048 1983 1051 1989 Ι

59 1991 111 2064 tis,
134 1992 190 2051 sed
205 1989 306 2066 ipsum
322 1990 460 2051 aestimat
473 1990 600 2051 lactumr
621 1991 705 2067 atqui
720 1990 770 2050 illc
788 1991 952 2052 intuendus
971 1997 1028 2064 est,

61 2075 189 2135 voluerit
208 2074 248 2134 an
271 2073 424 2145 inciderit,
454 2081 579 2134 coactus
607 2076 648 2136 sit
668 2091 706 2135 an
729 2075 891 2150 deceptus,
925 2073 1028 2134 odium

61 2167 187 2220 secutus
202 2159 242 2219 sit
255 2175 292 2218 an
309 2158 485 2233 praemium,
508 2158 566 2218 sibi
580 2174 695 2219 morem
709 2160 840 2233 gesserit
854 2175 891 2219 an
906 2174 1028 2218 manum

60 2243 146 2302 alteri
157 2242 404 2303 commodaverit.
427 2239 541 2317 aliquid
553 2249 637 2302 aetas
650 2243 804 2318 peccantis
816 2243 896 2314 lacit,
912 2240 1027 2317 aliquid

61 2327 196 2400 lortuna,
216 2335 250 2387 ut
270 2328 349 2386 lerre
370 2332 423 2385 aut
443 2325 506 2400 pati
526 2332 579 2386 aut
597 2326 760 2386 humanum
781 2327 821 2386 sit
841 2333 893 2386 aut
906 2325 1027 2385 humile.

59 2411 104 2470 Eo
126 2425 183 2469 nos
204 2410 272 2471 loco
295 2409 530 2483 constituamus,
560 2426 620 2484 quo
642 2410 691 2469 ille
712 2416 759 2470 est
783 2410 830 2470 cui
855 2405 1061 2470 irascimur23

61 2509 142 2553 nunc
157 2494 228 2554 lacit
241 2510 298 2554 nos
312 2493 477 2553 iracundos
491 2493 596 2568 iniqua
611 2493 707 2553 nostri
722 2493 890 2553 aestimatio
906 2500 935 2553 et
950 2509 1028 2566 quae

61 2580 162 2638 lacere
178 2578 332 2652 vellemus,
354 2578 414 2651 pati
435 2576 586 2638 nolumus.
636 2577 730 2636 Nemo
751 2592 786 2636 se
810 2577 925 2636 differt:
946 2576 1063 2650 atquin

59 2663 224 2721 maximum
234 2661 400 2721 remedium
410 2661 474 2719 irae
485 2660 587 2721 dilatio
603 2668 664 2736 est,
679 2666 711 2721 ut
722 2662 837 2735 primus
850 2659 915 2720 eius
930 2660 1031 2720 lervor

61 2747 275 2820 relanguescat
292 2753 322 2805 ει
336 2745 434 2818 caligo
451 2759 530 2817 quac
552 2744 661 2819 premit
680 2749 824 2817 mentem,
846 2750 897 2804 aut
915 2743 1032 2804 residat

60 2830 225 2891 autminus
242 2829 338 2888 densa
355 2829 404 2888 sit.
426 2828 576 2903 quaedam
588 2844 627 2888 ex
637 2828 685 2890 his
698 2844 777 2903 quae
791 2834 821 2889 ιε
835 2826 1031 2902 praecipitem

60 2912 206 2988 ferebant,
221 2912 311 2985 hora,
332 2927 393 2972 non
407 2918 522 2972 tanturn
534 2912 600 2972 dies
611 2912 739 2985 molliet,
755 2913 904 2987 quaedam
917 2926 956 2970 ex
966 2917 1030 2971 toto

60 3003 260 3058 evanescent:
277 2996 303 3056 sl
318 2994 391 3056 nihil
403 2997 499 3070 egerit
509 2996 602 3071 petita
612 2996 783 3070 advocatio,
799 2993 958 3070 adparcbit
972 2996 1031 3054 iam

59 3083 205 3142 iudicium
220 3096 305 3154 esse,
322 3096 383 3140 non
398 3079 482 3140 iram.
516 3078 665 3155 Quicquid
681 3080 767 3140 voles
783 3080 873 3153 quale
888 3078 927 3139 sit
941 3078 1029 3150 scire,

59 3168 189 3241 tempori
210 3165 305 3225 trade.
343 3162 417 3223 nihil
438 3163 595 3238 diligenter
615 3162 645 3222 in
665 3161 761 3223 lluctu
781 3162 920 3223 cernitur.
962 3162 1061 3232 Nona

60 3251 159 3327 potuit
172 3251 324 3324 inpetrare
338 3264 356 3308 a
373 3263 408 3309 sc
418 3247 502 3309 Plato
514 3255 642 3323 tempus,
659 3263 727 3307 curn
741 3262 832 3308 servo
848 3263 904 3307 suo
919 3244 1031 3308 irasce-

59 3343 157 3407 retur,
178 3333 236 3394 sed
249 3347 364 3409 ponera
378 3333 462 3392 illum
476 3330 575 3391 statim
597 3331 729 3393 tunicam
749 3338 779 3391 et
800 3332 947 3406 praebere
964 3347 1048 3392 sca-·

61 3419 150 3495 pulas
174 3417 351 3477 verberibus
372 3416 460 3478 iussit
480 3431 537 3476 sua
557 3431 648 3475 manu
665 3415 733 3490 ipse
755 3431 912 3476 caesurus.
948 3421 1032 3489 post-

62 3518 154 3577 quam
168 3500 314 3561 intellexit
326 3499 417 3560 irasci
432 3515 476 3573 se,
492 3498 570 3560 sicut
587 3501 751 3559 sustulerat
765 3515 885 3559 manum
901 3513 1032 3572 suspen·
