2438 3968
199 278 242 341 54
490 275 523 333 L.
545 275 691 334 Annam
712 273 887 335 SENECAE

202 443 341 503 surgere.
362 443 434 487 nem
454 433 486 487 et
499 427 530 485 iu
546 442 677 501 corpore
692 434 798 487 nostro
812 442 888 487 ossa
899 425 1057 504 nunqua
1070 436 1107 492 et
1118 432 1185 493 arti

201 514 276 582 culi,
296 511 484 571 firmamenta
501 511 595 571 totius
614 518 645 571 et
662 508 781 585 vitalia,
800 511 922 571 minime
940 512 1098 586 spector·
1110 514 1185 589 rin,

200 595 287 672 prius
297 595 483 657 ordinantur.
505 593 617 655 deinde
629 593 715 668 baec
730 609 769 653 ex
784 595 896 669 quibus
909 594 1014 655 omnis
1028 596 1061 657 in
1076 597 1183 661 ndum

200 681 443 754 adspectumque
463 679 557 739 decor
578 685 634 738 est
664 685 737 752 post
756 678 834 738 baec
853 679 956 740 omnia
975 680 1034 754 qui
1053 680 1184 743 uariae

201 764 311 825 oculos
323 763 411 838 rapit,
426 763 521 836 color,
535 763 657 822 nltlums
668 762 806 836 perlecto
818 762 880 823 hm
893 777 1029 837 corpore
1043 765 1184 829 adlundi·

171 851 256 909 stur.
284 848 364 908 irem
385 847 458 922 quin
479 846 601 921 speeies
622 846 724 906 oblata
743 844 872 906 iniuriae
889 854 1032 921 moreat,
1052 864 1121 910 uon
1140 854 1183 911 eat

200 931 340 993 dubium:
366 929 424 990 sed
447 936 547 991 utrum
573 929 710 1005 speciem
732 929 832 1004 ipsam
856 928 957 991 statim
980 939 1182 1008 sequuntur

201 1032 261 1076 non
285 1013 451 1074 accedente
470 1013 571 1073 animo
591 1021 746 1085 excurrat,
768 1030 807 1073 an
827 1011 880 1074 illo
901 1013 1103 1078 adsentiente
1123 1033 1181 1079 tue

171 1106 307 1159 treamr
321 1096 505 1173 quaerimus.
526 1095 621 1157 llobis
636 1097 736 1170 placet
749 1096 824 1157 nihil
836 1098 917 1158 illem
931 1112 989 1173 per
1001 1114 1042 1159 sc
1057 1100 1179 1173 emere

201 1183 258 1243 sed
272 1182 373 1243 auimo
388 1179 587 1255 adprobante.
615 1197 685 1241 narn
698 1181 835 1256 speciem
849 1196 961 1256 capere
973 1191 1131 1258 acceptae
1141 1184 1178 1245 iu·

199 1266 297 1327 iuriae
310 1272 340 1326 et
352 1265 499 1327 addonem
513 1265 580 1326 eius
595 1265 817 1340 concupiscere
830 1272 861 1325 et
873 1271 1042 1339 utrumque
1054 1267 1178 1329 coniun-

199 1365 289 1424 gere,
310 1365 368 1412 nee
386 1349 468 1411 laedi
483 1363 519 1409 se
532 1348 680 1410 debuisse
693 1357 723 1410 et
736 1347 884 1409 rindcari
897 1348 1031 1423 debere,
1050 1368 1118 1415 nou
1138 1358 1178 1413 ert

170 1434 265 1498 acius
285 1432 423 1510 inpetus,
450 1432 502 1509 qui
522 1434 589 1495 sine
607 1435 763 1495 volumtate
782 1439 888 1494 nostra
909 1431 1096 1496 condetur.
1131 1436 1178 1497 Ille

199 1519 329 1594 simplex
350 1527 411 1581 eat:
432 1518 482 1579 bic
497 1517 677 1593 conpositus
691 1524 721 1576 et
734 1518 822 1591 plura
837 1517 1007 1577 continens
1027 1518 1177 1583 tutetlerl

199 1603 329 1677 aliquid,
350 1603 523 1677 indignanis
544 1609 608 1674 est,
628 1600 796 1672 damnavit,
817 1600 989 1661 ulcisciturr
1015 1600 1101 1666 hece
1120 1619 1174 1665 utu

200 1694 330 1760 possunt
350 1686 433 1760 lieri,
452 1686 511 1746 nisi
532 1685 652 1746 annm
671 1685 716 1745 eis
738 1684 851 1760 quibus
864 1685 1047 1760 tangebatur
1067 1689 1174 1751 edseu

199 1785 253 1829 sue
268 1776 324 1830 est.

171 1859 184 1909 l
257 1853 295 1911 ll.
321 1897 340 1926 ,‚
349 1853 502 1927 Quorsus,
526 1851 648 1927 inquis,
671 1853 749 1913 baec
773 1854 914 1929 quaestio
934 1854 1118 1928 pentnetr“
1143 1856 1174 1919 tlt

199 1935 333 1997 sciamus
351 1935 423 2010 quid
438 1935 545 1997 sitire
574 1951 644 1996 nam
658 1936 685 1997 si
699 1937 801 1999 invitis
815 1936 903 1998 nobis
919 1938 1073 2014 nuscitur,
1095 1958 1173 2003 nura

200 2035 292 2094 quarn
306 2018 416 2080 rationi
430 2020 616 2080 succumbet.
642 2035 749 2082 omnes
769 2023 848 2081 enim
862 2028 963 2083 motus
979 2023 1033 2097 qui
1048 2038 1115 2087 non
1128 2040 1172 2085 ve

198 2103 312 2163 luntate
326 2111 431 2164 nostra
445 2105 535 2173 fiunt,
551 2104 653 2164 invicti
668 2114 697 2165 et
710 2104 900 2166 inevitabiles
915 2112 999 2180 sunt,
1021 2116 1055 2168 ut
1069 2108 1172 2171 honor

197 2185 306 2261 frigida
321 2188 489 2262 adspersis,
505 2189 544 2248 ad
557 2188 705 2264 quosdam
720 2196 819 2250 tactus
833 2190 1016 2265 aspernatio.
1039 2191 1083 2251 ad
1095 2192 1172 2269 pelo

196 2286 247 2331 res
269 2272 391 2333 nuntios
412 2273 607 2346 subriguntur
627 2272 679 2348 pili
701 2282 732 2333 et
755 2274 850 2333 rubor
868 2273 908 2333 ad
929 2272 1061 2347 inproba
1084 2277 1172 2338 verba

196 2354 392 2417 subtunditur
401 2357 726 2432 sequiturquevertigo
738 2363 903 2433 praerupta
914 2358 1079 2419 cernentis.
1104 2376 1172 2438 qno

195 2456 260 2499 rum
284 2441 358 2516 quia
378 2440 450 2501 nihil
469 2442 499 2500 in
520 2448 626 2500 nostra
647 2448 797 2514 potestate
816 2448 879 2513 est,
899 2440 982 2502 nulla
997 2458 1061 2515 quo
1077 2446 1172 2507 minu

168 2523 269 2583 allant
283 2525 359 2586 ratio
374 2525 549 2600 persuadet
568 2525 617 2583 lra
631 2525 802 2599 praeceptis
817 2525 947 2600 fugatur.
969 2532 1017 2585 est
1028 2526 1115 2590 enirn
1126 2544 1172 2591 vo

197 2607 354 2668 luntarium
371 2607 461 2668 animi
478 2606 590 2680 vitium,
604 2624 665 2667 non
681 2624 718 2667 ex
735 2608 888 2683 hisquae
906 2608 1092 2671 condicione
1104 2628 1173 2688 qua·

197 2690 266 2749 dam
278 2691 428 2752 humanae
439 2692 530 2753 sortis
542 2691 684 2753 eveniunt
695 2692 827 2767 ideoque
839 2693 927 2752 etiam
936 2691 1173 2766 sapientissimis

198 2774 347 2836 accidunt.
377 2777 454 2835 inter
470 2791 549 2851 quae
564 2783 594 2835 et
609 2776 723 2850 primus
744 2776 795 2834 ille
808 2775 887 2836 ictus
902 2775 991 2835 animi
1007 2781 1173 2850 ponendus

165 2864 256 2930 best,
279 2860 330 2933 qui
353 2876 410 2919 nos
432 2868 503 2933 post
523 2860 695 2934 opinionem
717 2859 844 2918 inluniae
868 2864 980 2919 movet
1013 2860 1072 2922 Hie
1097 2864 1175 2927 subt

196 2941 285 3000 etiam
306 2942 383 3001 inter
403 2945 520 3004 ludicra
541 2959 652 3004 scenae
674 2945 850 3018 spectacula
865 2948 896 3002 et
909 2942 1058 3004 lectiones
1073 2962 1174 3010 rerunt

194 3033 398 3087 vetustarum:
423 3043 517 3101 saepe
532 3028 637 3087 Clodio
652 3027 829 3086 Ciceronem
847 3025 1009 3100 expellenti
1028 3036 1060 3089 et
1078 3033 1174 3093 Anto

194 3108 246 3168 uio
262 3110 412 3170 occidenti
428 3109 565 3170 videmur
579 3111 679 3170 irasci.
700 3110 768 3184 quis
784 3126 844 3170 non
860 3119 968 3170 conua
979 3109 1068 3172 llari
1081 3130 1176 3185 armc,

195 3200 303 3254 eontra
316 3193 421 3254 Sullae
435 3196 689 3269 proseriptIonem
704 3195 890 3254 concitaturt
910 3193 979 3270 quis
997 3209 1062 3255 non
1076 3197 1175 3261 m

195 3275 268 3336 doto
291 3286 321 3339 et
339 3278 476 3338 Achillae
496 3287 527 3338 et
545 3279 605 3353 ipsi
627 3293 723 3350 puero
741 3294 801 3338 non
823 3278 938 3353 puerile
959 3293 1037 3339 auso
1053 3281 1175 3345 tadnu

164 3358 320 3422 tlnlestus
334 3371 404 3423 estt
422 3362 535 3422 Cantus
547 3377 605 3421 nos
616 3377 841 3436 nonnumquam
855 3370 886 3421 et
899 3363 990 3423 citata
1002 3364 1174 3429 modulatio

194 3445 316 3520 instigat
335 3446 525 3519 Martiusque
544 3445 594 3505 ille
616 3445 752 3504 tubarum
772 3462 869 3506 sonus
890 3452 992 3506 movet
1005 3454 1174 3513 mentesd

193 3537 281 3590 atrox
294 3531 412 3606 pictura
426 3539 456 3590 et
470 3528 704 3589 iustissimorum
718 3529 936 3605 suppliciorum
950 3529 1048 3592 tristis
1060 3534 1174 3613 adeps·
