2438 3968
263 247 364 307 DIAL.
379 247 418 306 V.
446 246 497 307 DE
516 246 586 306 IRA
605 246 677 305 LlB.
692 246 741 304 tlt.
766 254 850 307 1-3.
1002 247 1042 310 81

67 398 180 458 modus
203 397 319 456 virium.
352 397 490 471 Denique
512 405 612 456 cetera
630 395 767 469 singulos
789 395 970 470 corripiunt,
993 395 1071 462 hicn

66 498 148 541 unus
164 481 302 541 adlectus
317 488 373 555 est,
390 481 441 556 qui
453 480 603 541 interdum
615 479 737 554 publice
752 480 929 554 concipitur.
957 495 1042 539 num-

67 580 160 640 quam
175 565 309 639 populus
323 564 487 624 universus
504 564 634 623 feminae
648 579 752 623 amore
767 561 922 638 flagravit,
941 565 1042 624 necin

66 647 229 723 pecuniam
244 657 296 709 aut
315 649 432 708 lucrum
446 656 509 708 tota
526 647 633 708 civitas
655 663 742 721 spem
758 662 845 707 suam
860 647 950 707 misit.
979 665 1041 708 am-

65 732 140 792 bitio
155 731 264 792 viritim
280 730 418 807 singulos
435 741 573 806 occupat.
603 730 772 805 inpotentia
789 747 849 790 non
869 737 917 789 est
930 732 1041 791 malum

66 816 237 890 publicum:
257 831 351 891 saepe
365 817 395 875 in
414 816 487 875 iram
500 833 562 876 uno
577 815 696 890 agmine
712 815 782 875 itum
796 822 852 874 est.
874 812 941 886 viri,
958 815 1071 876 semi-3

65 917 139 972 nae,
169 915 273 973 senes,
304 901 405 974 pueri,
433 899 588 975 principes
609 901 782 975 volgusque
804 913 992 958 consensere
1013 907 1042 959 et

64 992 129 1045 tota
144 983 301 1044 multitudo
317 982 513 1058 paucissimis
532 983 634 1043 verbis
656 983 807 1044 concitata
822 980 925 1057 ipsum
940 983 1040 1042 conci-

63 1076 192 1128 tatorem
215 1068 388 1128 antecessit.
422 1068 461 1128 ad
480 1084 564 1126 arma
588 1068 726 1142 protinus
752 1066 903 1142 ignesque
924 1067 1040 1126 discur-

64 1168 133 1211 sum
149 1159 196 1211 est
218 1161 248 1212 et
268 1150 382 1211 indicta
398 1151 532 1210 finitimis
553 1151 633 1210 bella
649 1159 700 1211 aut
719 1157 806 1225 gesta
827 1165 896 1210 cum
911 1151 1039 1210 civibus.

64 1232 146 1296 totae
168 1251 236 1295 cum
253 1235 347 1309 stirpe
370 1235 451 1296 omni
469 1244 619 1295 crematae
635 1235 745 1296 domus
763 1241 793 1293 et
806 1235 898 1295 modo
916 1232 1068 1309 eloqui04

64 1318 242 1380 favorabilis
257 1318 379 1379 habitus
395 1319 437 1392 [in
451 1320 543 1377 multo
559 1317 687 1390 honore]
704 1319 778 1377 iram
795 1334 869 1378 suae
883 1318 1040 1378 concionis

64 1403 195 1477 excepit.
228 1403 258 1476 in
280 1401 494 1476 imperatorem
519 1419 606 1461 suum
633 1401 771 1475 legiones
793 1402 854 1475 pila
876 1408 1039 1462 torserunt.

64 1487 195 1547 dissedit
223 1485 310 1560 plebs
338 1494 486 1546 lotatum
512 1486 659 1560 patritus.
693 1484 848 1559 publicum
870 1485 1039 1558 consilium,

64 1578 191 1631 senatus
207 1585 268 1628 non
284 1568 470 1643 exspectatis
488 1569 657 1628 delectibus
670 1584 727 1627 neo
742 1569 895 1628 nominato
912 1568 1040 1641 impera-

63 1661 130 1714 tore
145 1653 262 1713 subitos
277 1653 340 1712 irae
355 1667 431 1712 suae
445 1652 540 1712 duces
556 1653 628 1726 legit
641 1668 678 1713 ac
692 1659 841 1727 perlecta
857 1651 941 1711 urbis
954 1653 1039 1712 nobi-

63 1738 102 1797 lis
119 1744 314 1796 consectatus
332 1736 417 1796 viros
433 1737 617 1811 supplicium
632 1752 721 1795 manu
738 1735 878 1810 sumpsit.
911 1737 1067 1800 violataeo

63 1819 232 1894 legationes
246 1827 335 1894 rupto
350 1820 415 1880 iure
430 1822 563 1896 gentium
577 1820 741 1894 rabiesque
756 1823 810 1892 sin]
826 1819 950 1879 infanda
966 1819 1038 1879 civi-

63 1913 155 1964 tatem
167 1905 241 1964 tulit.
262 1919 319 1963 nee
331 1905 434 1965 datum
449 1911 579 1978 tempus,
596 1921 656 1978 quo
669 1905 817 1964 resideret
828 1912 927 1964 tumor
941 1904 1038 1978 publi·

63 2004 136 2061 cus,
152 1988 208 2047 sed
224 1988 374 2048 deductae
388 1989 528 2062 protinus
544 1989 662 2048 classes
677 1997 707 2048 et
720 1995 864 2048 oneratae
879 1989 1038 2048 tumultuo-

62 2074 107 2132 rio
128 2073 229 2132 milite.
261 2073 327 2131 sine
348 2088 447 2146 more,
471 2071 538 2132 sine
554 2072 700 2146 auspiciis
717 2073 851 2147 populus
868 2072 960 2132 ductu
974 2071 1038 2131 irae

63 2172 137 2215 suae
152 2172 297 2231 egressus
312 2156 435 2216 fortuita
445 2163 595 2230 raptaque
612 2173 668 2230 pro
683 2157 775 2217 armis
791 2156 902 2231 gessit,
926 2155 1038 2214 deinde

61 2256 173 2314 magna
193 2240 279 2300 clade
298 2240 497 2300 temeritatem
514 2240 640 2300 audacis
657 2239 721 2300 irae
735 2240 797 2302 luit.
825 2241 882 2300 Hic
898 2239 1065 2336 barbarisfi

62 2326 141 2384 sorte
155 2322 351 2384 viventibus
343 2340 372 2383 m
395 2324 476 2384 bella
491 2325 591 2383 exitus
606 2331 662 2385 est.
695 2338 762 2382 cum
777 2323 898 2384 mobilis
919 2323 1038 2384 animos

55 2408 186 2480 species
212 2407 338 2467 iniuriae
361 2408 502 2482 perculit,
533 2415 663 2481 aguntur
685 2409 785 2468 statim
809 2414 839 2467 et
865 2424 925 2482 qua
949 2408 1038 2466 dolor

62 2491 161 2564 traxit,
175 2492 280 2551 ruinae
295 2491 386 2551 modo
401 2491 576 2565 regionibus
591 2490 930 2566 inciduntineonpositi‚
947 2489 1036 2550 inter·
1122 2525 1124 2529 >

60 2574 125 2646 riti,
149 2575 274 2649 incauti,
296 2575 432 2650 pericula
453 2576 631 2649 adpetentes
653 2591 719 2635 sua.
750 2575 885 2649 gaudent
904 2573 986 2633 feriri
1007 2581 1038 2634 et

61 2659 176 2718 instare
197 2659 277 2717 terro
298 2666 329 2718 et
344 2659 403 2718 tela
423 2674 554 2733 corpore
572 2673 681 2731 urgere
704 2666 733 2718 et
748 2675 804 2732 per
819 2674 909 2717 suum
926 2660 1036 2718 volnus

62 2742 156 2801 exire.

64 2826 172 2884 ΙΙΙ.
201 2826 287 2898 ,,Νοη
312 2832 374 2899 est,
401 2826 516 2900 inquis,
544 2825 681 2899 dubium,
709 2825 781 2899 quin
803 2842 913 2901 magna
931 2827 989 2886 ista
1007 2834 1064 2889 etl

61 2909 209 2986 pestilera
223 2910 262 2969 sit
276 2909 339 2968 vis:
356 2909 426 2969 ideo
442 2909 696 2985 quemadmodum
712 2910 814 2968 sanari
829 2910 939 2970 debeat
951 2927 1037 2970 mon-.

62 3000 157 3055 stra.“
189 2994 298 3068 Atqui,
320 2994 396 3054 utin
411 2994 565 3067 prioribus
579 2993 664 3052 libris
680 2990 758 3064 dixi,
781 3000 840 3052 stat
853 2994 1036 3054 Aristoteles

10 3112 13 3117 -
61 3079 209 3138 delensor
234 3078 296 3136 irae
321 3084 351 3136 et
374 3084 454 3137 vetat
475 3077 557 3136 illam
580 3075 669 3136 nobis
692 3076 847 3136 exsecari:
875 3077 976 3137 calcar
996 3077 1037 3139 ait

61 3177 134 3222 esse
149 3161 276 3221 virtutis.
307 3161 365 3221 hac
382 3168 487 3236 erepta
501 3163 647 3222 inermem
662 3160 794 3219 animum
809 3167 839 3220 et
852 3162 891 3220 ad
907 3170 1034 3223 conatus

61 3261 190 3320 magnos
207 3245 324 3320 pigrum
339 3245 527 3319 inertemque
542 3244 617 3303 fieri.
644 3244 858 3305 Necessarium
872 3253 920 3306 est
933 3245 1063 3322 itaquet

62 3329 238 3390 foeditatem
262 3329 328 3388 eius
353 3344 388 3389 ac
412 3331 557 3389 feritatem
588 3343 754 3402 coarguere
780 3335 810 3388 et
832 3335 903 3389 ante
926 3331 1034 3392 oculos

61 3427 192 3489 ponere,
218 3420 362 3488 quantum
385 3413 511 3473 monstri
533 3412 571 3472 sit
591 3411 682 3472 homo
702 3414 732 3471 ln
753 3411 906 3473 hominem
929 3414 1033 3474 furens

62 3504 236 3573 quantoque
257 3497 361 3571 inpetu
374 3505 443 3556 ruat
457 3514 517 3557 non
534 3497 600 3557 sinc
616 3495 751 3572 pernicie
766 3511 821 3556 sua
838 3495 1032 3572 perniciosus

110 3585 340 3639 sermonumt
867 3588 887 3641 b
