2438 3968
309 262 360 321 ott
381 262 598 321 CLEMENTIA
619 263 689 322 LlB.
704 262 726 319 Ι.
749 272 878 325 19—22.
1015 263 1077 326 295

111 412 312 487 nifestiorque
333 415 392 487 vis,
412 431 502 490 quam
516 423 549 473 ut
564 414 662 474 alieno
677 417 756 475 malo
772 416 947 490 opinionem
961 416 1019 476 sibi
1034 416 1078 476 vi·

109 498 188 557 rium
204 506 337 572 quaerat.
360 499 419 558 hoc
435 499 521 558 dico=
543 513 611 557 cum
625 498 662 557 ab
678 498 870 560 inferioribus
885 499 996 574 petitus
1012 501 1077 560 vio-

61 591 67 601 *
110 583 253 655 latusque
267 588 322 641 est.
346 598 414 641 nam
430 582 472 654 si,
489 598 568 655 quos
583 597 673 655 pares
689 582 852 656 aliqnando
867 582 984 658 habuit,
1001 583 1079 643 infra

110 679 146 724 se
167 665 262 736 videt,
285 667 359 726 satis
379 664 550 725 vindicatus
571 674 626 724 est.
661 667 775 740 Regem
795 675 825 726 et
841 683 950 726 servus
966 668 1079 727 oceidit

110 755 140 807 et
161 763 288 823 serpens
308 756 338 810 et
353 749 476 822 sagitta:
499 749 632 808 servabit
646 749 769 824 quidem
782 766 887 823 nemo,
909 750 967 810 nisi
982 751 1078 811 maior

109 848 148 891 eo
163 847 253 906 quem
265 833 406 892 servavit.
438 833 488 893 Uti
499 832 601 908 itaque
613 835 748 894 animose
760 835 850 894 debet
861 841 943 895 tanto
954 839 1110 894 munerea

110 917 238 976 deorum
261 916 353 975 dandi
374 916 592 992 auferendique
613 917 704 977 vitam
725 925 849 992 potens,
872 918 901 976 in
923 918 970 977 bis
988 933 1076 992 prae·

110 999 223 1071 sertim,
239 1016 317 1074 quos
330 1001 388 1059 scit
398 999 562 1075 aliquando
573 1001 631 1060 sibi
640 1001 722 1080 [par]
735 1003 886 1076 fastigium
897 1002 1077 1063 obu'nuisse.

109 1083 170 1142 hoc
182 1082 337 1143 arbitrium
349 1085 478 1159 adeptus
490 1084 634 1145 ultionem
644 1085 771 1159 inplevit
781 1085 968 1161 perfecitque
981 1103 1077 1161 quan·

109 1176 174 1227 turn
189 1182 279 1227 verae
294 1183 413 1243 poenae
428 1168 501 1228 satis
516 1177 590 1228 erat.
611 1169 743 1243 perdidit
757 1170 835 1228 enim
851 1169 942 1230 vitam
958 1170 1010 1244 qui
1024 1170 1077 1229 de-

108 1252 174 1325 bet,
198 1257 228 1312 et
243 1252 381 1328 quisquis
396 1267 436 1312 ex
449 1254 509 1313 aito
522 1252 561 1311 ad
573 1251 683 1312 inimici
695 1253 791 1328 pedes
802 1253 937 1314 abiectus
948 1254 1078 1313 alienam

108 1335 149 1394 de
165 1335 263 1410 capite
277 1352 436 1412 regnoque
450 1336 629 1396 sententiam
644 1337 847 1411 exspectavit,
870 1336 899 1395 in
912 1337 1077 1396 servatoris

107 1419 158 1480 sui
178 1420 305 1493 gloriam
328 1421 400 1480 vivit
420 1421 551 1495 plusque
567 1419 682 1478 nomini
696 1420 760 1479 eius
776 1421 893 1481 confert
907 1421 1076 1493 incolumis,

108 1519 203 1578 quam
220 1504 247 1562 si
269 1520 307 1562 ex
323 1505 418 1564 oculis
434 1504 552 1564 ablatus
568 1511 660 1563 esset.
687 1503 847 1564 adsiduum
863 1504 942 1564 enim
957 1511 1077 1579 specta-

108 1586 210 1646 culnm
231 1586 348 1646 alienae
369 1588 485 1647 virtutis
506 1596 572 1647 est:
603 1589 631 1645 in
653 1587 804 1662 triumpho
826 1588 884 1648 cito
906 1590 1075 1648 transisset.

108 1669 142 1731 st
166 1687 240 1730 vero
267 1687 393 1746 regnum
415 1687 537 1746 quoque
562 1668 650 1731 suum
671 1679 735 1731 tuto
755 1672 884 1746 relinqui
905 1671 989 1749 apud
1008 1679 1110 1732 eumd

109 1754 209 1831 potuit
226 1755 397 1830 reponique
417 1770 454 1813 eo
475 1754 557 1813 unde
574 1754 742 1829 deciderat,
764 1755 877 1829 ingenti
892 1755 1076 1819 incremento

109 1839 209 1913 surgit
228 1839 296 1897 laus
317 1839 399 1912 eius,
427 1839 478 1912 qui
500 1847 659 1898 contentus
681 1840 736 1900 fuit
756 1856 795 1898 ex
814 1855 886 1913 rege
907 1840 987 1901 victo
1003 1840 1077 1899 nihil

108 1929 230 1998 praeter
251 1921 377 1996 gloriam
398 1937 527 1982 sumere.
563 1923 629 1982 Hoc
649 1931 697 1982 est
716 1923 804 1984 etiam
825 1938 863 1982 ex
878 1924 1004 1985 victoria
1020 1940 1077 1985 sua

107 2004 292 2081 triumphare
313 2005 479 2081 testarique
494 2003 567 2065 nibil
580 2022 615 2065 se
630 2006 712 2081 quod
728 2006 851 2082 dignum
865 2016 948 2068 esset
961 2007 1076 2068 victore

108 2089 192 2164 apud
205 2088 305 2150 victos
319 2089 483 2150 invenisse.
526 2089 598 2149 Cum
614 2090 730 2150 civibus
745 2098 775 2152 et
788 2090 900 2166 ignotis
916 2098 1007 2166 atque
1021 2090 1075 2150 bu·
1089 2108 1109 2159 4

108 2173 229 2234 milibus
244 2189 281 2234 eo
296 2174 480 2235 moderatius
495 2173 645 2249 agendum
660 2179 720 2246 est,
745 2190 806 2250 quo
821 2174 947 2234 nrinoris
961 2181 1008 2234 est
1021 2173 1075 2233 ad·

108 2255 227 2316 dixisse
241 2274 306 2318 eos.
330 2259 511 2333 quibusdam
528 2257 655 2317 libenter
669 2273 795 2332 parcas,
815 2274 834 2317 a
849 2256 1075 2336 quibusdamte

108 2339 264 2399 vindicare
279 2342 417 2402 fastidias
433 2349 463 2401 et
478 2357 538 2399 non
553 2341 639 2400 aliter
654 2357 743 2415 quam
759 2341 797 2400 ab
812 2339 991 2400 animalibus
1007 2356 1074 2415 par-

109 2423 156 2482 vis
172 2429 202 2482 et
216 2423 401 2484 obterentem
416 2424 643 2498 inquinantibus
657 2424 831 2483 reducenda
842 2438 949 2483 manus
961 2430 1023 2484 eet:
1045 2429 1077 2483 at

107 2505 137 2566 in
158 2505 213 2580 iis,
236 2507 287 2581 qui
302 2508 332 2567 in
348 2523 401 2567 ore
416 2507 544 2567 civitatis
560 2508 671 2566 servati
687 2506 845 2582 punitique
860 2515 962 2580 erunt,
986 2512 1074 2566 occass

107 2591 195 2650 sione
209 2597 299 2651 nome
315 2591 490 2650 clementiae
505 2591 649 2650 utendum
663 2598 718 2650 est.

168 2674 259 2733 XXII.
285 2676 541 2735 Transeamus
570 2672 617 2732 ad
649 2674 797 2734 alienas
830 2673 1011 2746 iniurias,
1043 2672 1104 2742 iu1

107 2757 220 2832 quibus
240 2757 432 2819 vindicandis
454 2758 529 2817 haec
550 2759 606 2817 tria
625 2759 676 2817 lex
697 2765 802 2818 secuta
815 2767 877 2831 est,
900 2773 978 2834 quae
991 2757 1074 2833 prin·

107 2856 183 2917 ceps
195 2857 320 2916 quoque
334 2843 423 2918 sequi
434 2841 539 2902 debet:
561 2849 612 2901 aut
623 2849 656 2902 ut
667 2858 744 2913 eum,
761 2857 850 2917 quem
860 2842 956 2918 punit,
972 2857 1073 2901 emen·

105 2925 171 2997 det,
194 2934 246 2986 aut
265 2933 298 2986 ut
317 2942 418 3001 poena
437 2925 504 2986 eius
524 2933 643 2986 ceteros
663 2927 804 2987 meliores
828 2925 949 2999 reddat,
970 2934 1022 2985 aut
1040 2935 1075 2986 ut

106 3009 235 3069 sublatis
259 3010 347 3070 malis
372 3009 544 3070 securiores
571 3011 661 3068 ceteri
687 3010 798 3069 vivant.
837 3011 928 3084 lpsos
954 3009 1073 3070 facilius

105 3094 284 3154 emendabis
303 3096 420 3154 minore
440 3107 556 3168 poena:
584 3093 755 3168 diligentius
776 3092 856 3153 enim
870 3093 943 3153 vivit
956 3092 1005 3153 cui
1019 3091 1072 3151 ali·

107 3175 181 3250 qnid
206 3178 313 3253 integri
338 3184 488 3252 superest.
527 3191 616 3236 nemo
642 3177 776 3250 dignitati
801 3177 938 3251 perditae
966 3175 1072 3252 parcit

104 3257 280 3333 inpunitatis
293 3276 391 3336 genus
406 3268 453 3320 est
466 3261 526 3318 iam
538 3277 598 3319 non
609 3260 722 3320 habere
735 3276 853 3336 poenae
863 3263 973 3321 inmun.
996 3259 1103 3321 cmi-2

103 3344 175 3403 tatis
195 3353 294 3406 autern
318 3360 418 3405 mores
439 3344 536 3419 magis
552 3343 673 3419 corrigit
687 3345 819 3419 parcitus
834 3344 1072 3406 animadversio-

104 3442 187 3486 num.
216 3428 288 3489 lacit
306 3430 385 3489 enirn
400 3428 651 3488 consuetudinem
666 3427 816 3503 peccandi
829 3429 985 3490 multitudo
1000 3444 1072 3504 pcc·

102 3511 236 3572 cantium
251 3520 280 3572 et
297 3512 396 3573 minus
411 3513 512 3588 gravis
527 3520 599 3573 nota
613 3519 675 3585 est,
697 3527 788 3586 quam
803 3512 891 3572 turba
905 3512 1073 3572 damnatio-
