2438 3968
131 247 195 315 284
406 246 439 306 L.
462 245 608 306 ANNAEl
628 244 803 307 SENECAE

105 409 240 467 lcorum
257 398 358 460 odium
371 397 519 473 reprimit,
536 397 670 458 omnium
687 397 796 458 inritat.
822 398 977 459 Voluntas
991 407 1112 475 oportet

133 492 203 548 ante
224 482 382 545 saeviendi
403 497 493 558 quam
514 497 609 541 eausa
629 479 759 541 deficiat
797 482 933 556 alioquin
964 485 1111 558 quemad-

133 569 258 631 modum
279 566 437 642 praecisae
459 563 585 645 arbores
601 563 738 639 plurimis
757 565 850 624 ramis
870 567 1060 640 repullulant
1081 574 1111 628 et

133 655 227 716 multu
241 658 377 712 satorum
390 663 519 724 genera,
541 655 575 707 ut
594 647 738 707 densiora
754 653 896 722 surgant,
918 651 1107 723 reciduntur,

134 740 175 811 ita
188 737 273 811 regia
287 734 448 795 crudelitas
470 738 561 806 auget
579 729 769 791 inimicorum
787 748 945 794 numerum
960 734 1108 795 tollendo.

134 828 277 898 parentes
297 819 377 878 enim
401 814 550 891 liberique
575 830 694 887 eorum,
718 815 770 890 qui
790 814 940 876 interlecti
967 823 1054 891 sunt,
1080 823 1109 878 et

135 903 300 982 propinqui
316 907 345 962 et
358 899 447 960 amici
462 900 491 959 iu
506 900 605 959 locum
621 897 807 973 singulorum
825 901 1006 961 succedunt.

106 1000 122 1053 l
194 988 244 1046 lx.
267 986 334 1046 Hoc
351 1000 442 1060 quam
457 998 561 1044 verum
575 983 628 1054 sit,
651 982 816 1042 admonere
835 991 865 1045 te
885 987 1031 1060 exemplo
1055 986 1108 1046 do·

134 1070 260 1132 mestico
277 1071 359 1129 volo.
382 1068 477 1128 Divus
491 1069 649 1142 Augustus
664 1065 719 1126 luit
731 1066 811 1126 mitis
823 1066 981 1143 princeps,
997 1069 1025 1129 si
1039 1069 1108 1144 quis

134 1157 218 1216 illum
240 1171 258 1213 a
278 1152 450 1229 principatu
472 1168 528 1212 suo
549 1151 711 1211 aestimare
732 1149 872 1224 incipiat·
894 1151 925 1210 in
952 1149 1108 1213 communi

136 1240 258 1315 quidem
276 1236 463 1312 reipublicae
477 1235 609 1311 gladium
621 1234 723 1294 movit.
746 1235 819 1295 Cum
830 1234 890 1295 hoe
902 1238 1011 1297 aetatis
1024 1241 1108 1296 esset

137 1323 220 1398 quod
235 1329 267 1382 tu
281 1336 361 1382 nunc
376 1337 425 1392 es,
442 1318 724 1380 duodevicesimum
738 1334 884 1394 egressus
900 1334 1032 1394 annum,
1048 1321 1106 1379 iam

136 1407 288 1484 pugiones
310 1406 340 1464 in
362 1405 461 1464 sinum
480 1403 646 1463 amicorum
668 1400 886 1475 absconderat,
909 1402 971 1464 iam
986 1404 1105 1466 insidiis

136 1492 175 1550 Μ,
182 1489 306 1551 Antonii
321 1488 456 1548 consulis
471 1490 550 1548 latus
564 1487 705 1562 petierat,
721 1486 780 1545 iam
794 1488 893 1546 iuerat
903 1489 1024 1564 collega
1036 1505 1107 1564 pro·

106 1572 320 1650 ascriptionis.
356 1571 417 1632 Sed
436 1586 503 1632 oum
524 1587 637 1630 annum
657 1568 924 1646 quadragesimum
945 1574 1108 1633 transisset

136 1667 166 1720 et
186 1659 216 1718 in
231 1658 328 1717 Gallia
348 1662 530 1727 moraretur,
551 1654 681 1715 delatum
703 1660 750 1713 est
769 1654 809 1713 ad
829 1669 897 1714 eum
912 1653 1060 1716 indicium
1074 1657 1106 1716 L.

21 1744 29 1769 ⁸
137 1741 276 1811 Cinnam,
298 1741 382 1802 solidi
401 1739 513 1815 ingenii
527 1739 640 1812 virum,
661 1738 789 1798 insidias
801 1737 829 1797 ei
843 1745 971 1799 struere.
994 1741 1107 1801 dictum

137 1833 185 1886 est
206 1831 236 1885 et
256 1823 307 1883 ubi
328 1830 357 1882 et
379 1824 501 1898 quando
524 1830 554 1883 et
574 1822 828 1899 quemadmodum
855 1822 983 1896 adgredi
1006 1827 1105 1885 vellet

108 1916 216 1971 eunus
239 1923 278 1965 ex
298 1906 430 1967 consciis
453 1906 617 1966 deferebat.
654 1905 818 1967 Constituit.
832 1921 867 1965 se
889 1905 926 1966 ab
954 1923 993 1967 eo
1008 1908 1106 1968 vindi·

138 2006 217 2052 care.
254 1990 415 2050 consilium
436 1991 600 2050 amicorum
619 1989 764 2049 advocari
783 1989 880 2050 iussit.
916 2006 980 2051 nox
997 1990 1041 2052 illi
1063 1993 1106 2051 in·

138 2076 239 2151 quieta
259 2080 335 2147 erat,
361 2089 429 2133 eum
454 2072 600 2149 cogitaret
623 2073 850 2134 adulescentem
874 2074 1023 2148 nobilem,
1047 2076 1106 2137 hoc

138 2162 273 2222 detracto
291 2159 455 2232 integrum,
479 2157 530 2217 Cn.
548 2157 683 2232 Pompeii
703 2164 861 2232 nepotem,
882 2157 1105 2220 damnandum

137 2243 197 2304 iam
213 2259 304 2302 unum
317 2241 469 2301 hominem
490 2240 632 2301 occidere
652 2257 714 2301 uon
736 2248 868 2316 poterat,
896 2257 965 2302 eum
986 2242 1026 2301 Μ.
1042 2246 1105 2303 An·

106 2329 220 2395 4tonio
235 2324 469 2402 proscriptionis
491 2324 623 2385 edictum
642 2326 719 2386 inter
734 2339 861 2385 coenam
881 2325 1017 2386 dictaret.
1050 2327 1107 2385 Ge·

138 2427 224 2471 mens
239 2410 368 2470 subinde
383 2423 478 2469 voces
494 2408 646 2470 emittebat
666 2408 766 2469 varias
787 2417 817 2468 et
836 2409 913 2469 inter
931 2425 967 2469 se
986 2420 1106 2472 contra·

137 2497 210 2554 rias.
247 2494 326 2565 Quid
337 2490 430 2569 erpo?
453 2509 507 2568 epo
514 2509 721 2568 percussorem
736 2509 831 2553 meum
844 2510 981 2554 securum
998 2496 1107 2555 ombu-

137 2583 203 2640 lure
210 2580 317 2654 petier
330 2594 375 2637 me
388 2574 531 2638 sollicito?
550 2577 632 2652 Erpo
643 2592 701 2636 nou
716 2577 799 2637 datu
806 2593 928 2652 poenes,
941 2580 995 2652 put·
1005 2584 1047 2638 tot
1058 2580 1107 2638 ci-

137 2663 241 2723 vilibus
254 2663 337 2722 bellis
348 2661 468 2734 frustra
476 2663 601 2736 petitum
622 2667 725 2735 copul,
747 2666 789 2722 tot
806 2661 976 2734 navarreus,
997 2669 1038 2723 tot
1045 2679 1107 2737 pe-

137 2746 282 2806 destrimu
289 2746 414 2820 proelias
428 2746 585 2816 incolume,
608 2751 767 2820 postquem
786 2751 869 2806 terre
889 2748 1025 2821 merique
1036 2762 1107 2822 pec

133 2834 248 2907 parete
270 2835 327 2901 est,
351 2844 410 2889 uon
424 2829 559 2889 occidue
577 2831 746 2900 constituat,
771 2830 825 2889 sed
842 2825 1009 2890 inmolare?
1037 2844 1107 2889 nam

108 2910 359 2974 osacrificantem
377 2913 532 2986 placuerat
545 2911 667 2971 adoriri.
699 2913 819 2972 Rursus
835 2910 956 2973 silentio
971 2912 1106 2988 interpo-

138 2997 196 3058 sito
222 2995 337 3056 maiore
362 2995 456 3056 multo
481 3011 559 3056 voce
583 2994 642 3054 sibi
664 3011 753 3070 quam
770 2995 882 3056 Cinnae
901 2995 1105 3058 irascebatum

138 3080 217 3151 Quid
234 3081 319 3152 vicu,
340 3081 369 3140 u·
379 3080 485 3154 perire
505 3086 532 3139 te
545 3086 604 3139 tem
617 3082 774 3140 multorum
794 3075 935 3140 interest?
955 3081 1021 3154 quis
1037 3081 1107 3154 fiuis

136 3166 194 3224 erit
206 3159 439 3238 suppliciorum?
457 3165 522 3237 puis
534 3159 710 3238 seupuiuis?
722 3179 776 3238 epo
790 3179 855 3224 sum
868 3163 1011 3225 coedibus
1024 3165 1106 3224 adu-

137 3249 301 3308 lescentulis
313 3249 476 3322 expositum
487 3253 592 3322 caput,
608 3249 639 3307 ln
651 3248 731 3321 quod
739 3263 892 3308 mucrones
903 3255 1023 3308 acuam
1048 3263 1107 3307 non

137 3333 402 3403 palmatianum,
418 3336 452 3391 ut
470 3346 524 3405 epo
543 3346 601 3391 uon
616 3347 754 3405 peream,
769 3341 829 3391 tem
845 3334 937 3391 multa
946 3331 1107 3408 perdenda

105 3417 212 3474 dsunt.
241 3411 446 3485 Interpellavit
459 3413 580 3474 tandem
600 3412 682 3474 illum
697 3413 782 3472 Livia
800 3421 938 3474 uxorei:
965 3415 1106 3486 admittes,

137 3495 248 3571 lnquit,
265 3497 406 3556 muliebre
425 3494 599 3557 consilium?
625 3499 689 3558 Fac
705 3498 785 3572 quod
798 3499 906 3559 medici
923 3501 1032 3573 solem,
1057 3499 1109 3575 pul
