<?xml version="1.0" encoding="UTF-8"?>
<!DOCTYPE html PUBLIC "-//W3C//DTD XHTML 1.0 Transitional//EN"
    "http://www.w3.org/TR/xhtml1/DTD/xhtml1-transitional.dtd">
<html xmlns="http://www.w3.org/1999/xhtml" xml:lang="en" lang="en">
 <head>
  <title>
</title>
<meta http-equiv="Content-Type" content="text/html;charset=utf-8" />
  <meta name='ocr-system' content='tesseract 3.04.00' />
  <meta name='ocr-capabilities' content='ocr_page ocr_carea ocr_par ocr_line ocrx_word'/>
</head>
<body>
  <div class='ocr_page' id='page_1' title='image "./lannaeisenecaeo05senegoog_0046.png"; bbox 0 0 2438 3968; ppageno 0'>
   <div class='ocr_carea' id='block_1_1' title="bbox 72 242 1042 308">
    <p class='ocr_par' dir='ltr' id='par_1_1' title="bbox 72 242 1042 308">
     <span class='ocr_line' id='line_1_1' title="bbox 72 242 1042 308; baseline -0.002 0"><span class='ocrx_word' id='word_1_1' title='bbox 72 242 348 308; x_wconf 67' lang='lat' dir='ltr'><strong>contumulant</strong></span> <span class='ocrx_word' id='word_1_2' title='bbox 357 242 547 305; x_wconf 80' lang='lat' dir='ltr'>ACCIPERE</span> <span class='ocrx_word' id='word_1_3' title='bbox 558 243 784 306; x_wconf 78' lang='lat' dir='ltr'><strong>SAPIENTEM.</strong></span> <span class='ocrx_word' id='word_1_4' title='bbox 791 244 994 306; x_wconf 81' lang='lat' dir='ltr'><strong>xlv-xvlt</strong></span> <span class='ocrx_word' id='word_1_5' title='bbox 1001 243 1042 306; x_wconf 78' lang='lat' dir='ltr'><strong>et</strong></span> 
     </span>
    </p>
   </div>
   <div class='ocr_carea' id='block_1_2' title="bbox 52 394 1155 3561">
    <p class='ocr_par' dir='ltr' id='par_1_2' title="bbox 67 394 1155 803">
     <span class='ocr_line' id='line_1_2' title="bbox 72 394 1072 473; baseline -0.003 -15"><span class='ocrx_word' id='word_1_6' title='bbox 72 403 164 458; x_wconf 81' lang='lat' dir='ltr'><strong>reret</strong></span> <span class='ocrx_word' id='word_1_7' title='bbox 176 396 292 457; x_wconf 91' lang='lat' dir='ltr'><strong>Domus</strong></span> <span class='ocrx_word' id='word_1_8' title='bbox 306 395 383 455; x_wconf 91' lang='lat' dir='ltr'><strong>haec</strong></span> <span class='ocrx_word' id='word_1_9' title='bbox 398 394 546 470; x_wconf 87' lang='lat' dir='ltr'><strong>sapientis</strong></span> <span class='ocrx_word' id='word_1_10' title='bbox 560 402 699 470; x_wconf 89' lang='lat' dir='ltr'><strong>angusta,</strong></span> <span class='ocrx_word' id='word_1_11' title='bbox 713 396 779 455; x_wconf 91' lang='lat' dir='ltr'><strong>sine</strong></span> <span class='ocrx_word' id='word_1_12' title='bbox 794 395 1072 473; x_wconf 69' lang='lat' dir='ltr'><strong>cultu,sinestre·g</strong></span> 
     </span>
     <span class='ocr_line' id='line_1_3' title="bbox 69 477 1155 558; baseline -0.003 -17"><span class='ocrx_word' id='word_1_13' title='bbox 69 482 144 558; x_wconf 90' lang='lat' dir='ltr'><strong>pitu,</strong></span> <span class='ocrx_word' id='word_1_14' title='bbox 165 478 234 540; x_wconf 91' lang='lat' dir='ltr'><strong>sine</strong></span> <span class='ocrx_word' id='word_1_15' title='bbox 253 479 410 554; x_wconf 83' lang='lat' dir='ltr'><strong>adparatu,</strong></span> <span class='ocrx_word' id='word_1_16' title='bbox 435 479 526 538; x_wconf 91' lang='lat' dir='ltr'><strong>nullis</strong></span> <span class='ocrx_word' id='word_1_17' title='bbox 540 478 721 538; x_wconf 81' lang='lat' dir='ltr'>adservatur</span> <span class='ocrx_word' id='word_1_18' title='bbox 733 477 911 538; x_wconf 88' lang='lat' dir='ltr'><strong>ianitoribus</strong></span> <span class='ocrx_word' id='word_1_19' title='bbox 925 479 1041 539; x_wconf 88' lang='lat' dir='ltr'><strong>turbam</strong></span> <span class='ocrx_word' id='word_1_20' title='bbox 1153 509 1155 513; x_wconf 16' lang='grc' dir='ltr'><em>Α</em></span> 
     </span>
     <span class='ocr_line' id='line_1_4' title="bbox 68 561 1128 637; baseline -0.002 -13"><span class='ocrx_word' id='word_1_21' title='bbox 68 563 170 626; x_wconf 85' lang='lat' dir='ltr'><strong>venali</strong></span> <span class='ocrx_word' id='word_1_22' title='bbox 182 563 303 624; x_wconf 77' lang='lat' dir='ltr'><strong>fastidio</strong></span> <span class='ocrx_word' id='word_1_23' title='bbox 320 562 535 637; x_wconf 79' lang='lat' dir='ltr'>digerentibus,</span> <span class='ocrx_word' id='word_1_24' title='bbox 550 562 607 621; x_wconf 90' lang='lat' dir='ltr'><strong>sed</strong></span> <span class='ocrx_word' id='word_1_25' title='bbox 622 577 677 637; x_wconf 90' lang='lat' dir='ltr'><strong>per</strong></span> <span class='ocrx_word' id='word_1_26' title='bbox 691 561 751 622; x_wconf 90' lang='lat' dir='ltr'><strong>hoc</strong></span> <span class='ocrx_word' id='word_1_27' title='bbox 764 561 854 621; x_wconf 92' lang='lat' dir='ltr'><strong>limen</strong></span> <span class='ocrx_word' id='word_1_28' title='bbox 868 578 999 622; x_wconf 86' lang='lat' dir='ltr'><strong>vacuum</strong></span> <span class='ocrx_word' id='word_1_29' title='bbox 1012 569 1043 622; x_wconf 91' lang='lat' dir='ltr'><strong>et</strong></span> <span class='ocrx_word' id='word_1_30' title='bbox 1124 575 1128 583; x_wconf 83' lang='lat'>&#39;</span> 
     </span>
     <span class='ocr_line' id='line_1_5' title="bbox 69 645 1042 709; baseline -0.004 0"><span class='ocrx_word' id='word_1_31' title='bbox 69 649 109 709; x_wconf 88' lang='lat' dir='ltr'><strong>ab</strong></span> <span class='ocrx_word' id='word_1_32' title='bbox 125 647 257 708; x_wconf 87' lang='lat' dir='ltr'><strong>ostiariis</strong></span> <span class='ocrx_word' id='word_1_33' title='bbox 272 646 398 706; x_wconf 90' lang='lat' dir='ltr'><strong>liberum</strong></span> <span class='ocrx_word' id='word_1_34' title='bbox 412 645 533 707; x_wconf 72' lang='lat' dir='ltr'><strong>fortuna</strong></span> <span class='ocrx_word' id='word_1_35' title='bbox 546 661 607 705; x_wconf 90' lang='lat' dir='ltr'><strong>non</strong></span> <span class='ocrx_word' id='word_1_36' title='bbox 623 646 738 706; x_wconf 85' lang='lat' dir='ltr'><strong>transit.</strong></span> <span class='ocrx_word' id='word_1_37' title='bbox 774 645 831 705; x_wconf 91' lang='lat' dir='ltr'><strong>scit</strong></span> <span class='ocrx_word' id='word_1_38' title='bbox 845 661 905 704; x_wconf 91' lang='lat' dir='ltr'><strong>non</strong></span> <span class='ocrx_word' id='word_1_39' title='bbox 920 661 993 706; x_wconf 88' lang='lat' dir='ltr'><strong>esse</strong></span> <span class='ocrx_word' id='word_1_40' title='bbox 1006 645 1042 705; x_wconf 90' lang='lat' dir='ltr'><strong>il-</strong></span> 
     </span>
     <span class='ocr_line' id='line_1_6' title="bbox 67 728 589 803; baseline -0.006 -12"><span class='ocrx_word' id='word_1_41' title='bbox 67 732 107 792; x_wconf 90' lang='lat' dir='ltr'><strong>lic</strong></span> <span class='ocrx_word' id='word_1_42' title='bbox 122 731 179 793; x_wconf 88' lang='lat' dir='ltr'>sibi</span> <span class='ocrx_word' id='word_1_43' title='bbox 195 733 303 803; x_wconf 91' lang='lat' dir='ltr'><strong>locum,</strong></span> <span class='ocrx_word' id='word_1_44' title='bbox 318 728 370 790; x_wconf 91' lang='lat' dir='ltr'><strong>ubi</strong></span> <span class='ocrx_word' id='word_1_45' title='bbox 385 732 432 789; x_wconf 91' lang='lat' dir='ltr'><strong>sui</strong></span> <span class='ocrx_word' id='word_1_46' title='bbox 446 729 519 789; x_wconf 81' lang='lat' dir='ltr'>nihil</span> <span class='ocrx_word' id='word_1_47' title='bbox 534 735 589 788; x_wconf 87' lang='lat' dir='ltr'><strong>est.</strong></span> 
     </span>
    </p>

    <p class='ocr_par' dir='ltr' id='par_1_3' title="bbox 53 810 1069 3226">
     <span class='ocr_line' id='line_1_7' title="bbox 128 810 1068 888; baseline -0.002 -13"><span class='ocrx_word' id='word_1_48' title='bbox 128 813 207 875; x_wconf 89' lang='lat' dir='ltr'><strong>XVl.</strong></span> <span class='ocrx_word' id='word_1_49' title='bbox 236 812 351 887; x_wconf 80' lang='lat' dir='ltr'><strong>Quodsi</strong></span> <span class='ocrx_word' id='word_1_50' title='bbox 365 812 517 888; x_wconf 76' lang='lat' dir='ltr'><strong>Epicurus</strong></span> <span class='ocrx_word' id='word_1_51' title='bbox 532 828 664 887; x_wconf 88' lang='lat' dir='ltr'><strong>quoque,</strong></span> <span class='ocrx_word' id='word_1_52' title='bbox 680 812 731 888; x_wconf 91' lang='lat' dir='ltr'><strong>qui</strong></span> <span class='ocrx_word' id='word_1_53' title='bbox 743 810 865 888; x_wconf 83' lang='lat' dir='ltr'><strong>corpori</strong></span> <span class='ocrx_word' id='word_1_54' title='bbox 882 814 1068 888; x_wconf 78' lang='lat' dir='ltr'><strong>plurimum1</strong></span> 
     </span>
     <span class='ocr_line' id='line_1_8' title="bbox 66 895 1038 972; baseline -0.004 -12"><span class='ocrx_word' id='word_1_55' title='bbox 66 897 201 972; x_wconf 79' lang='lat' dir='ltr'><strong>indulsit,</strong></span> <span class='ocrx_word' id='word_1_56' title='bbox 216 899 366 958; x_wconf 87' lang='lat' dir='ltr'><strong>adversus</strong></span> <span class='ocrx_word' id='word_1_57' title='bbox 380 895 505 961; x_wconf 88' lang='lat' dir='ltr'><strong>iniurias</strong></span> <span class='ocrx_word' id='word_1_58' title='bbox 516 897 659 970; x_wconf 80' lang='lat' dir='ltr'><strong>exsurgit,</strong></span> <span class='ocrx_word' id='word_1_59' title='bbox 672 897 767 972; x_wconf 80' lang='lat' dir='ltr'><strong>quiid</strong></span> <span class='ocrx_word' id='word_1_60' title='bbox 776 897 859 971; x_wconf 90' lang='lat' dir='ltr'><strong>apud</strong></span> <span class='ocrx_word' id='word_1_61' title='bbox 871 913 929 958; x_wconf 92' lang='lat' dir='ltr'><strong>nos</strong></span> <span class='ocrx_word' id='word_1_62' title='bbox 941 897 1038 956; x_wconf 91' lang='lat' dir='ltr'><strong>incre·</strong></span> 
     </span>
     <span class='ocr_line' id='line_1_9' title="bbox 53 978 1039 1056; baseline -0.003 -13"><span class='ocrx_word' id='word_1_63' title='bbox 53 978 277 1043; x_wconf 69' lang='lat' dir='ltr'><strong>&#39;dibile&#39;videri</strong></span> <span class='ocrx_word' id='word_1_64' title='bbox 297 988 400 1056; x_wconf 89' lang='lat' dir='ltr'><strong>potest</strong></span> <span class='ocrx_word' id='word_1_65' title='bbox 417 986 470 1040; x_wconf 91' lang='lat' dir='ltr'><strong>aut</strong></span> <span class='ocrx_word' id='word_1_66' title='bbox 490 996 584 1056; x_wconf 89' lang='lat' dir='ltr'><strong>supra</strong></span> <span class='ocrx_word' id='word_1_67' title='bbox 602 979 753 1039; x_wconf 85' lang='lat' dir='ltr'><strong>humanae</strong></span> <span class='ocrx_word' id='word_1_68' title='bbox 773 988 899 1040; x_wconf 90' lang='lat' dir='ltr'><strong>naturae</strong></span> <span class='ocrx_word' id='word_1_69' title='bbox 917 996 1039 1040; x_wconf 88' lang='lat' dir='ltr'><strong>mensu·</strong></span> 
     </span>
     <span class='ocr_line' id='line_1_10' title="bbox 65 1063 1039 1145; baseline -0.001 -20"><span class='ocrx_word' id='word_1_70' title='bbox 65 1071 154 1126; x_wconf 76' lang='lat' dir='ltr'><strong>rami</strong></span> <span class='ocrx_word' id='word_1_71' title='bbox 187 1065 244 1125; x_wconf 89' lang='lat' dir='ltr'><strong>ille·</strong></span> <span class='ocrx_word' id='word_1_72' title='bbox 257 1064 299 1124; x_wconf 92' lang='lat' dir='ltr'><strong>ait</strong></span> <span class='ocrx_word' id='word_1_73' title='bbox 312 1063 437 1124; x_wconf 89' lang='lat' dir='ltr'><strong>iniurias</strong></span> <span class='ocrx_word' id='word_1_74' title='bbox 452 1063 626 1145; x_wconf 84' lang='lat' dir='ltr'><strong>tolerabiles</strong></span> <span class='ocrx_word' id='word_1_75' title='bbox 640 1078 711 1124; x_wconf 92' lang='lat' dir='ltr'><strong>esse</strong></span> <span class='ocrx_word' id='word_1_76' title='bbox 725 1064 869 1140; x_wconf 88' lang='lat' dir='ltr'><strong>sapienti,</strong></span> <span class='ocrx_word' id='word_1_77' title='bbox 890 1081 947 1125; x_wconf 89' lang='lat' dir='ltr'><strong>nos</strong></span> <span class='ocrx_word' id='word_1_78' title='bbox 962 1064 1039 1124; x_wconf 87' lang='lat' dir='ltr'><strong>inlu·</strong></span> 
     </span>
     <span class='ocr_line' id='line_1_11' title="bbox 65 1147 1038 1221; baseline -0.001 -13"><span class='ocrx_word' id='word_1_79' title='bbox 65 1150 129 1208; x_wconf 85' lang='lat' dir='ltr'><strong>rias</strong></span> <span class='ocrx_word' id='word_1_80' title='bbox 144 1164 205 1208; x_wconf 91' lang='lat' dir='ltr'><strong>uon</strong></span> <span class='ocrx_word' id='word_1_81' title='bbox 221 1163 300 1208; x_wconf 91' lang='lat' dir='ltr'><strong>esse.</strong></span> <span class='ocrx_word' id='word_1_82' title='bbox 335 1147 487 1208; x_wconf 86' lang='lat' dir='ltr'><strong>necerim</strong></span> <span class='ocrx_word' id='word_1_83' title='bbox 504 1153 560 1218; x_wconf 80' lang='lat' dir='ltr'><strong>est</strong></span> <span class='ocrx_word' id='word_1_84' title='bbox 578 1148 662 1221; x_wconf 88' lang='lat' dir='ltr'><strong>quod</strong></span> <span class='ocrx_word' id='word_1_85' title='bbox 676 1148 762 1207; x_wconf 89' lang='lat' dir='ltr'><strong>dicas</strong></span> <span class='ocrx_word' id='word_1_86' title='bbox 776 1147 835 1208; x_wconf 91' lang='lat' dir='ltr'><strong>hoc</strong></span> <span class='ocrx_word' id='word_1_87' title='bbox 852 1156 977 1209; x_wconf 86' lang='lat' dir='ltr'><strong>naturae</strong></span> <span class='ocrx_word' id='word_1_88' title='bbox 990 1163 1038 1207; x_wconf 90' lang='lat' dir='ltr'><strong>re-</strong></span> 
     </span>
     <span class='ocr_line' id='line_1_12' title="bbox 65 1231 1069 1307; baseline 0 -15"><span class='ocrx_word' id='word_1_89' title='bbox 65 1247 213 1307; x_wconf 87' lang='lat' dir='ltr'><strong>pugnare.</strong></span> <span class='ocrx_word' id='word_1_90' title='bbox 241 1231 307 1292; x_wconf 90' lang='lat' dir='ltr'><strong>Non</strong></span> <span class='ocrx_word' id='word_1_91' title='bbox 322 1247 468 1306; x_wconf 88' lang='lat' dir='ltr'><strong>negamus</strong></span> <span class='ocrx_word' id='word_1_92' title='bbox 483 1245 546 1290; x_wconf 90' lang='lat' dir='ltr'><strong>rem</strong></span> <span class='ocrx_word' id='word_1_93' title='bbox 561 1231 783 1291; x_wconf 86' lang='lat' dir='ltr'><strong>incommodam</strong></span> <span class='ocrx_word' id='word_1_94' title='bbox 797 1247 869 1291; x_wconf 91' lang='lat' dir='ltr'><strong>esse</strong></span> <span class='ocrx_word' id='word_1_95' title='bbox 884 1231 1069 1302; x_wconf 64' lang='lat' dir='ltr'><strong>verberaris</strong></span> 
     </span>
     <span class='ocr_line' id='line_1_13' title="bbox 65 1314 1037 1390; baseline 0.001 -16"><span class='ocrx_word' id='word_1_96' title='bbox 65 1323 96 1375; x_wconf 91' lang='lat' dir='ltr'><strong>et</strong></span> <span class='ocrx_word' id='word_1_97' title='bbox 109 1316 212 1390; x_wconf 83' lang='lat' dir='ltr'><strong>inpelli</strong></span> <span class='ocrx_word' id='word_1_98' title='bbox 227 1322 258 1375; x_wconf 93' lang='lat' dir='ltr'><strong>et</strong></span> <span class='ocrx_word' id='word_1_99' title='bbox 270 1315 372 1389; x_wconf 88' lang='lat' dir='ltr'><strong>aliquo</strong></span> <span class='ocrx_word' id='word_1_100' title='bbox 387 1314 522 1374; x_wconf 93' lang='lat' dir='ltr'><strong>membro</strong></span> <span class='ocrx_word' id='word_1_101' title='bbox 544 1329 663 1386; x_wconf 90' lang='lat' dir='ltr'><strong>carere,</strong></span> <span class='ocrx_word' id='word_1_102' title='bbox 684 1315 740 1374; x_wconf 92' lang='lat' dir='ltr'><strong>sed</strong></span> <span class='ocrx_word' id='word_1_103' title='bbox 762 1315 861 1374; x_wconf 91' lang='lat' dir='ltr'><strong>omnia</strong></span> <span class='ocrx_word' id='word_1_104' title='bbox 875 1316 933 1375; x_wconf 91' lang='lat' dir='ltr'><strong>ista</strong></span> <span class='ocrx_word' id='word_1_105' title='bbox 945 1331 1037 1390; x_wconf 86' lang='lat' dir='ltr'><strong>nega·</strong></span> 
     </span>
     <span class='ocr_line' id='line_1_14' title="bbox 63 1396 1037 1471; baseline 0 -13"><span class='ocrx_word' id='word_1_106' title='bbox 63 1415 133 1459; x_wconf 92' lang='lat' dir='ltr'><strong>mus</strong></span> <span class='ocrx_word' id='word_1_107' title='bbox 149 1398 276 1459; x_wconf 89' lang='lat' dir='ltr'><strong>iniurias</strong></span> <span class='ocrx_word' id='word_1_108' title='bbox 291 1413 371 1458; x_wconf 90' lang='lat' dir='ltr'><strong>esse.</strong></span> <span class='ocrx_word' id='word_1_109' title='bbox 413 1413 474 1457; x_wconf 92' lang='lat' dir='ltr'><strong>non</strong></span> <span class='ocrx_word' id='word_1_110' title='bbox 494 1413 619 1456; x_wconf 90' lang='lat' dir='ltr'><strong>sensum</strong></span> <span class='ocrx_word' id='word_1_111' title='bbox 639 1396 698 1457; x_wconf 90' lang='lat' dir='ltr'><strong>illis</strong></span> <span class='ocrx_word' id='word_1_112' title='bbox 713 1397 828 1457; x_wconf 91' lang='lat' dir='ltr'><strong>doloris</strong></span> <span class='ocrx_word' id='word_1_113' title='bbox 843 1398 1037 1471; x_wconf 74' lang='lat' dir='ltr'><strong>detrahimus,</strong></span> 
     </span>
     <span class='ocr_line' id='line_1_15' title="bbox 63 1478 1036 1555; baseline -0.004 -12"><span class='ocrx_word' id='word_1_114' title='bbox 63 1482 122 1543; x_wconf 91' lang='lat' dir='ltr'><strong>sed</strong></span> <span class='ocrx_word' id='word_1_115' title='bbox 136 1497 246 1541; x_wconf 90' lang='lat' dir='ltr'><strong>nomen</strong></span> <span class='ocrx_word' id='word_1_116' title='bbox 262 1482 397 1555; x_wconf 89' lang='lat' dir='ltr'><strong>iniuriae,</strong></span> <span class='ocrx_word' id='word_1_117' title='bbox 413 1480 497 1555; x_wconf 89' lang='lat' dir='ltr'><strong>quod</strong></span> <span class='ocrx_word' id='word_1_118' title='bbox 512 1496 573 1540; x_wconf 90' lang='lat' dir='ltr'><strong>non</strong></span> <span class='ocrx_word' id='word_1_119' title='bbox 589 1487 692 1555; x_wconf 88' lang='lat' dir='ltr'><strong>potest</strong></span> <span class='ocrx_word' id='word_1_120' title='bbox 704 1478 800 1555; x_wconf 87' lang='lat' dir='ltr'><strong>recipi</strong></span> <span class='ocrx_word' id='word_1_121' title='bbox 814 1479 924 1541; x_wconf 87' lang='lat' dir='ltr'><strong>virtute</strong></span> <span class='ocrx_word' id='word_1_122' title='bbox 941 1482 1036 1541; x_wconf 89' lang='lat' dir='ltr'><strong>salva.</strong></span> 
     </span>
     <span class='ocr_line' id='line_1_16' title="bbox 62 1563 1036 1639; baseline -0.005 -11"><span class='ocrx_word' id='word_1_123' title='bbox 62 1567 138 1628; x_wconf 88' lang='lat' dir='ltr'><strong>Uter</strong></span> <span class='ocrx_word' id='word_1_124' title='bbox 153 1566 254 1625; x_wconf 89' lang='lat' dir='ltr'><strong>verius</strong></span> <span class='ocrx_word' id='word_1_125' title='bbox 270 1565 352 1625; x_wconf 89' lang='lat' dir='ltr'><strong>dicat</strong></span> <span class='ocrx_word' id='word_1_126' title='bbox 365 1563 552 1624; x_wconf 76' lang='lat' dir='ltr'><strong>videbimus=</strong></span> <span class='ocrx_word' id='word_1_127' title='bbox 581 1564 621 1622; x_wconf 87' lang='lat' dir='ltr'><strong>ad</strong></span> <span class='ocrx_word' id='word_1_128' title='bbox 636 1569 840 1638; x_wconf 65' lang='lat' dir='ltr'><strong>contemptum</strong></span> <span class='ocrx_word' id='word_1_129' title='bbox 855 1564 978 1639; x_wconf 87' lang='lat' dir='ltr'><strong>quidem</strong></span> <span class='ocrx_word' id='word_1_130' title='bbox 992 1565 1036 1623; x_wconf 91' lang='lat' dir='ltr'><strong>in-</strong></span> 
     </span>
     <span class='ocr_line' id='line_1_17' title="bbox 63 1646 1037 1723; baseline -0.004 -13"><span class='ocrx_word' id='word_1_131' title='bbox 63 1650 160 1710; x_wconf 89' lang='lat' dir='ltr'><strong>iuriae</strong></span> <span class='ocrx_word' id='word_1_132' title='bbox 180 1657 308 1723; x_wconf 90' lang='lat' dir='ltr'><strong>uterque</strong></span> <span class='ocrx_word' id='word_1_133' title='bbox 327 1647 487 1707; x_wconf 89' lang='lat' dir='ltr'><strong>consentit.</strong></span> <span class='ocrx_word' id='word_1_134' title='bbox 525 1646 651 1720; x_wconf 81' lang='lat' dir='ltr'><strong>Quaeris</strong></span> <span class='ocrx_word' id='word_1_135' title='bbox 667 1648 739 1722; x_wconf 88' lang='lat' dir='ltr'><strong>quid</strong></span> <span class='ocrx_word' id='word_1_136' title='bbox 755 1648 833 1707; x_wconf 90' lang='lat' dir='ltr'><strong>inter</strong></span> <span class='ocrx_word' id='word_1_137' title='bbox 847 1648 925 1709; x_wconf 91' lang='lat' dir='ltr'><strong>duos</strong></span> <span class='ocrx_word' id='word_1_138' title='bbox 945 1648 1037 1708; x_wconf 92' lang='lat' dir='ltr'><strong>inter-</strong></span> 
     </span>
     <span class='ocr_line' id='line_1_18' title="bbox 63 1730 1036 1807; baseline -0.001 -15"><span class='ocrx_word' id='word_1_139' title='bbox 63 1734 125 1793; x_wconf 83' lang='lat' dir='ltr'><strong>sltt</strong></span> <span class='ocrx_word' id='word_1_140' title='bbox 146 1733 229 1806; x_wconf 90' lang='lat' dir='ltr'><strong>quod</strong></span> <span class='ocrx_word' id='word_1_141' title='bbox 244 1732 320 1791; x_wconf 91' lang='lat' dir='ltr'><strong>inter</strong></span> <span class='ocrx_word' id='word_1_142' title='bbox 333 1730 518 1806; x_wconf 82' lang='lat' dir='ltr'><strong>gladiatores</strong></span> <span class='ocrx_word' id='word_1_143' title='bbox 534 1730 724 1804; x_wconf 81' lang='lat' dir='ltr'><strong>fortissimos,</strong></span> <span class='ocrx_word' id='word_1_144' title='bbox 736 1747 863 1807; x_wconf 87' lang='lat' dir='ltr'><strong>quorum</strong></span> <span class='ocrx_word' id='word_1_145' title='bbox 878 1734 954 1792; x_wconf 89' lang='lat' dir='ltr'><strong>alter</strong></span> <span class='ocrx_word' id='word_1_146' title='bbox 968 1748 1036 1806; x_wconf 90' lang='lat' dir='ltr'><strong>pre·</strong></span> 
     </span>
     <span class='ocr_line' id='line_1_19' title="bbox 63 1814 1035 1889; baseline 0 -15"><span class='ocrx_word' id='word_1_147' title='bbox 63 1817 118 1876; x_wconf 89' lang='lat' dir='ltr'><strong>mit</strong></span> <span class='ocrx_word' id='word_1_148' title='bbox 133 1818 244 1876; x_wconf 89' lang='lat' dir='ltr'><strong>volnus</strong></span> <span class='ocrx_word' id='word_1_149' title='bbox 259 1823 290 1875; x_wconf 90' lang='lat' dir='ltr'><strong>et</strong></span> <span class='ocrx_word' id='word_1_150' title='bbox 305 1821 364 1875; x_wconf 89' lang='lat' dir='ltr'><strong>stat</strong></span> <span class='ocrx_word' id='word_1_151' title='bbox 377 1815 408 1874; x_wconf 89' lang='lat' dir='ltr'><strong>in</strong></span> <span class='ocrx_word' id='word_1_152' title='bbox 422 1815 533 1889; x_wconf 87' lang='lat' dir='ltr'><strong>gradu,</strong></span> <span class='ocrx_word' id='word_1_153' title='bbox 562 1815 636 1873; x_wconf 91' lang='lat' dir='ltr'><strong>alter</strong></span> <span class='ocrx_word' id='word_1_154' title='bbox 655 1814 825 1889; x_wconf 90' lang='lat' dir='ltr'><strong>respiciens</strong></span> <span class='ocrx_word' id='word_1_155' title='bbox 843 1816 882 1874; x_wconf 92' lang='lat' dir='ltr'><strong>ad</strong></span> <span class='ocrx_word' id='word_1_156' title='bbox 903 1817 1035 1875; x_wconf 86' lang='lat' dir='ltr'><strong>claman-</strong></span> 
     </span>
     <span class='ocr_line' id='line_1_20' title="bbox 61 1897 1034 1974; baseline -0.003 -16"><span class='ocrx_word' id='word_1_157' title='bbox 61 1908 123 1958; x_wconf 89' lang='lat' dir='ltr'><strong>tem</strong></span> <span class='ocrx_word' id='word_1_158' title='bbox 139 1899 285 1974; x_wconf 92' lang='lat' dir='ltr'><strong>populum</strong></span> <span class='ocrx_word' id='word_1_159' title='bbox 301 1898 453 1973; x_wconf 88' lang='lat' dir='ltr'><strong>significat</strong></span> <span class='ocrx_word' id='word_1_160' title='bbox 467 1897 539 1958; x_wconf 89' lang='lat' dir='ltr'><strong>nihil</strong></span> <span class='ocrx_word' id='word_1_161' title='bbox 554 1913 624 1957; x_wconf 90' lang='lat' dir='ltr'><strong>esse</strong></span> <span class='ocrx_word' id='word_1_162' title='bbox 640 1906 669 1958; x_wconf 94' lang='lat' dir='ltr'><strong>et</strong></span> <span class='ocrx_word' id='word_1_163' title='bbox 682 1897 827 1958; x_wconf 88' lang='lat' dir='ltr'><strong>intercedi</strong></span> <span class='ocrx_word' id='word_1_164' title='bbox 842 1914 902 1958; x_wconf 93' lang='lat' dir='ltr'><strong>non</strong></span> <span class='ocrx_word' id='word_1_165' title='bbox 915 1899 1034 1973; x_wconf 91' lang='lat' dir='ltr'><strong>patitur.</strong></span> 
     </span>
     <span class='ocr_line' id='line_1_21' title="bbox 61 1980 1067 2063; baseline -0.001 -20"><span class='ocrx_word' id='word_1_166' title='bbox 61 1983 130 2043; x_wconf 90' lang='lat' dir='ltr'><strong>Non</strong></span> <span class='ocrx_word' id='word_1_167' title='bbox 145 1990 200 2054; x_wconf 88' lang='lat' dir='ltr'><strong>est,</strong></span> <span class='ocrx_word' id='word_1_168' title='bbox 219 1983 302 2058; x_wconf 89' lang='lat' dir='ltr'><strong>quod</strong></span> <span class='ocrx_word' id='word_1_169' title='bbox 319 1991 408 2058; x_wconf 90' lang='lat' dir='ltr'><strong>putes</strong></span> <span class='ocrx_word' id='word_1_170' title='bbox 423 1982 574 2056; x_wconf 88' lang='lat' dir='ltr'><strong>magnum,</strong></span> <span class='ocrx_word' id='word_1_171' title='bbox 591 1998 653 2056; x_wconf 86' lang='lat' dir='ltr'><strong>quo</strong></span> <span class='ocrx_word' id='word_1_172' title='bbox 670 1980 870 2042; x_wconf 78' lang='lat' dir='ltr'><strong>dissidemus:</strong></span> <span class='ocrx_word' id='word_1_173' title='bbox 884 1983 959 2042; x_wconf 89' lang='lat' dir='ltr'><strong>illud</strong></span> <span class='ocrx_word' id='word_1_174' title='bbox 974 1999 1067 2063; x_wconf 61' lang='lat' dir='ltr'><strong>quog,</strong></span> 
     </span>
     <span class='ocr_line' id='line_1_22' title="bbox 61 2064 1036 2141; baseline -0.001 -15"><span class='ocrx_word' id='word_1_175' title='bbox 61 2066 103 2126; x_wconf 92' lang='lat' dir='ltr'><strong>de</strong></span> <span class='ocrx_word' id='word_1_176' title='bbox 118 2064 231 2141; x_wconf 89' lang='lat' dir='ltr'><strong>agitur,</strong></span> <span class='ocrx_word' id='word_1_177' title='bbox 246 2066 331 2141; x_wconf 87' lang='lat' dir='ltr'><strong>quod</strong></span> <span class='ocrx_word' id='word_1_178' title='bbox 346 2082 437 2126; x_wconf 91' lang='lat' dir='ltr'><strong>unum</strong></span> <span class='ocrx_word' id='word_1_179' title='bbox 454 2065 493 2125; x_wconf 95' lang='lat' dir='ltr'><strong>ad</strong></span> <span class='ocrx_word' id='word_1_180' title='bbox 507 2081 565 2125; x_wconf 91' lang='lat' dir='ltr'><strong>vos</strong></span> <span class='ocrx_word' id='word_1_181' title='bbox 580 2064 724 2140; x_wconf 86' lang='lat' dir='ltr'><strong>pertinet,</strong></span> <span class='ocrx_word' id='word_1_182' title='bbox 751 2072 880 2141; x_wconf 89' lang='lat' dir='ltr'><strong>utraque</strong></span> <span class='ocrx_word' id='word_1_183' title='bbox 895 2068 1036 2141; x_wconf 85' lang='lat' dir='ltr'><strong>exempla</strong></span> 
     </span>
     <span class='ocr_line' id='line_1_23' title="bbox 62 2147 1034 2224; baseline 0 -15"><span class='ocrx_word' id='word_1_184' title='bbox 62 2149 227 2222; x_wconf 85' lang='lat' dir='ltr'><strong>hortantur,</strong></span> <span class='ocrx_word' id='word_1_185' title='bbox 245 2157 437 2210; x_wconf 90' lang='lat' dir='ltr'><strong>contemnere</strong></span> <span class='ocrx_word' id='word_1_186' title='bbox 451 2149 574 2209; x_wconf 87' lang='lat' dir='ltr'><strong>iniurias</strong></span> <span class='ocrx_word' id='word_1_187' title='bbox 589 2155 619 2207; x_wconf 91' lang='lat' dir='ltr'><strong>et</strong></span> <span class='ocrx_word' id='word_1_188' title='bbox 633 2165 710 2224; x_wconf 87' lang='lat' dir='ltr'><strong>quas</strong></span> <span class='ocrx_word' id='word_1_189' title='bbox 725 2147 899 2209; x_wconf 83' lang='lat' dir='ltr'><strong>iniuriarum</strong></span> <span class='ocrx_word' id='word_1_190' title='bbox 909 2149 1034 2210; x_wconf 86' lang='lat' dir='ltr'><strong>umbras</strong></span> 
     </span>
     <span class='ocr_line' id='line_1_24' title="bbox 61 2232 1034 2308; baseline -0.002 -16"><span class='ocrx_word' id='word_1_191' title='bbox 61 2249 99 2292; x_wconf 90' lang='lat' dir='ltr'><strong>ao</strong></span> <span class='ocrx_word' id='word_1_192' title='bbox 114 2233 309 2308; x_wconf 89' lang='lat' dir='ltr'><strong>suspiciones</strong></span> <span class='ocrx_word' id='word_1_193' title='bbox 324 2233 465 2307; x_wconf 88' lang='lat' dir='ltr'><strong>dixerim,</strong></span> <span class='ocrx_word' id='word_1_194' title='bbox 487 2234 699 2304; x_wconf 87' lang='lat' dir='ltr'><strong>contumelias,</strong></span> <span class='ocrx_word' id='word_1_195' title='bbox 716 2233 847 2308; x_wconf 87' lang='lat' dir='ltr'><strong>adquae</strong></span> <span class='ocrx_word' id='word_1_196' title='bbox 863 2232 1034 2308; x_wconf 88' lang='lat' dir='ltr'><strong>despicien-</strong></span> 
     </span>
     <span class='ocr_line' id='line_1_25' title="bbox 61 2316 1033 2392; baseline 0 -18"><span class='ocrx_word' id='word_1_197' title='bbox 61 2317 120 2377; x_wconf 88' lang='lat' dir='ltr'><strong>das</strong></span> <span class='ocrx_word' id='word_1_198' title='bbox 134 2333 194 2376; x_wconf 89' lang='lat' dir='ltr'><strong>non</strong></span> <span class='ocrx_word' id='word_1_199' title='bbox 213 2317 350 2392; x_wconf 90' lang='lat' dir='ltr'><strong>sapiente</strong></span> <span class='ocrx_word' id='word_1_200' title='bbox 365 2332 444 2391; x_wconf 89' lang='lat' dir='ltr'><strong>opus</strong></span> <span class='ocrx_word' id='word_1_201' title='bbox 460 2325 508 2376; x_wconf 91' lang='lat' dir='ltr'><strong>est</strong></span> <span class='ocrx_word' id='word_1_202' title='bbox 520 2317 594 2388; x_wconf 90' lang='lat' dir='ltr'><strong>viro,</strong></span> <span class='ocrx_word' id='word_1_203' title='bbox 617 2316 673 2375; x_wconf 93' lang='lat' dir='ltr'><strong>sed</strong></span> <span class='ocrx_word' id='word_1_204' title='bbox 688 2322 801 2376; x_wconf 87' lang='lat' dir='ltr'><strong>tantum</strong></span> <span class='ocrx_word' id='word_1_205' title='bbox 816 2317 1033 2392; x_wconf 86' lang='lat' dir='ltr'><strong>conspiciente,</strong></span> 
     </span>
     <span class='ocr_line' id='line_1_26' title="bbox 61 2398 1035 2475; baseline 0.001 -16"><span class='ocrx_word' id='word_1_206' title='bbox 61 2399 116 2473; x_wconf 91' lang='lat' dir='ltr'><strong>qui</strong></span> <span class='ocrx_word' id='word_1_207' title='bbox 136 2398 195 2459; x_wconf 88' lang='lat' dir='ltr'><strong>sihi</strong></span> <span class='ocrx_word' id='word_1_208' title='bbox 216 2401 315 2475; x_wconf 87' lang='lat' dir='ltr'><strong>possit</strong></span> <span class='ocrx_word' id='word_1_209' title='bbox 334 2400 451 2460; x_wconf 82' lang='lat' dir='ltr'><strong>dicere:</strong></span> <span class='ocrx_word' id='word_1_210' title='bbox 472 2407 592 2472; x_wconf 83' lang='lat' dir='ltr'><strong>„utrum</strong></span> <span class='ocrx_word' id='word_1_211' title='bbox 611 2398 717 2460; x_wconf 87' lang='lat' dir='ltr'><strong>merito</strong></span> <span class='ocrx_word' id='word_1_212' title='bbox 733 2398 804 2460; x_wconf 89' lang='lat' dir='ltr'><strong>mihi</strong></span> <span class='ocrx_word' id='word_1_213' title='bbox 819 2399 879 2460; x_wconf 86' lang='lat' dir='ltr'><strong>ista</strong></span> <span class='ocrx_word' id='word_1_214' title='bbox 892 2399 1035 2460; x_wconf 84' lang='lat' dir='ltr'><strong>accidunt</strong></span> 
     </span>
     <span class='ocr_line' id='line_1_27' title="bbox 59 2482 1057 2557; baseline 0.002 -17"><span class='ocrx_word' id='word_1_215' title='bbox 59 2497 101 2541; x_wconf 90' lang='lat' dir='ltr'><strong>an</strong></span> <span class='ocrx_word' id='word_1_216' title='bbox 116 2482 273 2544; x_wconf 67' lang='lat' dir='ltr'><strong>inmerito?</strong></span> <span class='ocrx_word' id='word_1_217' title='bbox 299 2483 325 2542; x_wconf 87' lang='lat' dir='ltr'><strong>sl</strong></span> <span class='ocrx_word' id='word_1_218' title='bbox 340 2482 462 2557; x_wconf 91' lang='lat' dir='ltr'><strong>merito,</strong></span> <span class='ocrx_word' id='word_1_219' title='bbox 476 2499 537 2543; x_wconf 93' lang='lat' dir='ltr'><strong>non</strong></span> <span class='ocrx_word' id='word_1_220' title='bbox 553 2490 600 2542; x_wconf 88' lang='lat' dir='ltr'><strong>est</strong></span> <span class='ocrx_word' id='word_1_221' title='bbox 614 2482 802 2554; x_wconf 89' lang='lat' dir='ltr'><strong>contumelia,</strong></span> <span class='ocrx_word' id='word_1_222' title='bbox 818 2483 962 2542; x_wconf 89' lang='lat' dir='ltr'><strong>iudicium</strong></span> <span class='ocrx_word' id='word_1_223' title='bbox 975 2490 1032 2542; x_wconf 91' lang='lat' dir='ltr'><strong>est.</strong></span> <span class='ocrx_word' id='word_1_224' title='bbox 1054 2498 1057 2505; x_wconf 85' lang='grc'><strong>’</strong></span> 
     </span>
     <span class='ocr_line' id='line_1_28' title="bbox 58 2565 1062 2647; baseline 0.001 -21"><span class='ocrx_word' id='word_1_225' title='bbox 58 2565 90 2626; x_wconf 91' lang='lat' dir='ltr'><strong>si</strong></span> <span class='ocrx_word' id='word_1_226' title='bbox 104 2565 257 2641; x_wconf 87' lang='lat' dir='ltr'><strong>inmerito,</strong></span> <span class='ocrx_word' id='word_1_227' title='bbox 272 2567 313 2626; x_wconf 91' lang='lat' dir='ltr'><strong>illi</strong></span> <span class='ocrx_word' id='word_1_228' title='bbox 328 2566 379 2641; x_wconf 89' lang='lat' dir='ltr'><strong>qui</strong></span> <span class='ocrx_word' id='word_1_229' title='bbox 396 2567 507 2626; x_wconf 87' lang='lat' dir='ltr'><strong>iniusta</strong></span> <span class='ocrx_word' id='word_1_230' title='bbox 521 2566 607 2638; x_wconf 85' lang='lat' dir='ltr'><strong>lacit,</strong></span> <span class='ocrx_word' id='word_1_231' title='bbox 623 2566 864 2626; x_wconf 90' lang='lat' dir='ltr'><strong>erubescendum</strong></span> <span class='ocrx_word' id='word_1_232' title='bbox 879 2570 956 2626; x_wconf 86' lang='lat' dir='ltr'><strong>est“</strong></span> <span class='ocrx_word' id='word_1_233' title='bbox 996 2566 1062 2647; x_wconf 74' lang='lat' dir='ltr'><strong>Et4</strong></span> 
     </span>
     <span class='ocr_line' id='line_1_29' title="bbox 59 2649 1033 2725; baseline 0.001 -17"><span class='ocrx_word' id='word_1_234' title='bbox 59 2649 137 2724; x_wconf 88' lang='lat' dir='ltr'><strong>quid</strong></span> <span class='ocrx_word' id='word_1_235' title='bbox 158 2656 205 2710; x_wconf 89' lang='lat' dir='ltr'><strong>est</strong></span> <span class='ocrx_word' id='word_1_236' title='bbox 223 2651 296 2710; x_wconf 90' lang='lat' dir='ltr'><strong>illud</strong></span> <span class='ocrx_word' id='word_1_237' title='bbox 318 2651 402 2724; x_wconf 92' lang='lat' dir='ltr'><strong>quod</strong></span> <span class='ocrx_word' id='word_1_238' title='bbox 423 2650 604 2710; x_wconf 87' lang='lat' dir='ltr'><strong>contumelia</strong></span> <span class='ocrx_word' id='word_1_239' title='bbox 624 2650 755 2709; x_wconf 72' lang='lat' dir='ltr'><strong>dicitur?</strong></span> <span class='ocrx_word' id='word_1_240' title='bbox 796 2650 825 2708; x_wconf 89' lang='lat' dir='ltr'><strong>in</strong></span> <span class='ocrx_word' id='word_1_241' title='bbox 846 2650 953 2725; x_wconf 90' lang='lat' dir='ltr'><strong>capitis</strong></span> <span class='ocrx_word' id='word_1_242' title='bbox 974 2651 1033 2710; x_wconf 89' lang='lat' dir='ltr'><strong>mei</strong></span> 
     </span>
     <span class='ocr_line' id='line_1_30' title="bbox 58 2731 1032 2794; baseline 0.001 -2"><span class='ocrx_word' id='word_1_243' title='bbox 58 2733 229 2794; x_wconf 83' lang='lat' dir='ltr'><strong>laevitatem</strong></span> <span class='ocrx_word' id='word_1_244' title='bbox 253 2733 437 2794; x_wconf 88' lang='lat' dir='ltr'><strong>iocatusest</strong></span> <span class='ocrx_word' id='word_1_245' title='bbox 457 2734 537 2792; x_wconf 90' lang='lat' dir='ltr'><strong>etin</strong></span> <span class='ocrx_word' id='word_1_246' title='bbox 559 2733 714 2792; x_wconf 89' lang='lat' dir='ltr'><strong>oculorum</strong></span> <span class='ocrx_word' id='word_1_247' title='bbox 736 2731 929 2793; x_wconf 90' lang='lat' dir='ltr'><strong>valitudinem</strong></span> <span class='ocrx_word' id='word_1_248' title='bbox 949 2742 980 2793; x_wconf 91' lang='lat' dir='ltr'><strong>et</strong></span> <span class='ocrx_word' id='word_1_249' title='bbox 1002 2733 1032 2793; x_wconf 87' lang='lat' dir='ltr'><strong>in</strong></span> 
     </span>
     <span class='ocr_line' id='line_1_31' title="bbox 58 2816 1031 2892; baseline 0 -16"><span class='ocrx_word' id='word_1_250' title='bbox 58 2831 181 2877; x_wconf 88' lang='lat' dir='ltr'><strong>crurum</strong></span> <span class='ocrx_word' id='word_1_251' title='bbox 196 2816 392 2892; x_wconf 84' lang='lat' dir='ltr'><strong>gracilitatem</strong></span> <span class='ocrx_word' id='word_1_252' title='bbox 413 2816 485 2876; x_wconf 90' lang='lat' dir='ltr'><strong>etin</strong></span> <span class='ocrx_word' id='word_1_253' title='bbox 503 2823 660 2877; x_wconf 82' lang='lat' dir='ltr'><strong>staturam:</strong></span> <span class='ocrx_word' id='word_1_254' title='bbox 685 2831 763 2890; x_wconf 90' lang='lat' dir='ltr'><strong>quae</strong></span> <span class='ocrx_word' id='word_1_255' title='bbox 779 2817 961 2877; x_wconf 90' lang='lat' dir='ltr'><strong>contumelia</strong></span> <span class='ocrx_word' id='word_1_256' title='bbox 975 2824 1031 2889; x_wconf 83' lang='lat' dir='ltr'><strong>est,</strong></span> 
     </span>
     <span class='ocr_line' id='line_1_32' title="bbox 56 2898 1032 2975; baseline 0 -15"><span class='ocrx_word' id='word_1_257' title='bbox 56 2900 142 2975; x_wconf 91' lang='lat' dir='ltr'><strong>quod</strong></span> <span class='ocrx_word' id='word_1_258' title='bbox 160 2901 288 2975; x_wconf 90' lang='lat' dir='ltr'><strong>adparet</strong></span> <span class='ocrx_word' id='word_1_259' title='bbox 308 2899 436 2960; x_wconf 82' lang='lat' dir='ltr'><strong>audiret</strong></span> <span class='ocrx_word' id='word_1_260' title='bbox 470 2898 577 2960; x_wconf 85' lang='lat' dir='ltr'><strong>Coram</strong></span> <span class='ocrx_word' id='word_1_261' title='bbox 600 2915 662 2959; x_wconf 88' lang='lat' dir='ltr'><strong>nno</strong></span> <span class='ocrx_word' id='word_1_262' title='bbox 684 2898 797 2973; x_wconf 89' lang='lat' dir='ltr'><strong>aliquid</strong></span> <span class='ocrx_word' id='word_1_263' title='bbox 819 2901 931 2960; x_wconf 88' lang='lat' dir='ltr'><strong>dictum</strong></span> <span class='ocrx_word' id='word_1_264' title='bbox 951 2901 1032 2960; x_wconf 90' lang='lat' dir='ltr'><strong>ride-</strong></span> 
     </span>
     <span class='ocr_line' id='line_1_33' title="bbox 54 2983 1031 3058; baseline 0.002 -16"><span class='ocrx_word' id='word_1_265' title='bbox 54 2999 142 3058; x_wconf 89' lang='lat' dir='ltr'><strong>mus,</strong></span> <span class='ocrx_word' id='word_1_266' title='bbox 162 3000 266 3044; x_wconf 88' lang='lat' dir='ltr'><strong>coram</strong></span> <span class='ocrx_word' id='word_1_267' title='bbox 288 2984 426 3058; x_wconf 91' lang='lat' dir='ltr'><strong>pluribus</strong></span> <span class='ocrx_word' id='word_1_268' title='bbox 443 2983 637 3057; x_wconf 80' lang='lat' dir='ltr'><strong>indignamur</strong></span> <span class='ocrx_word' id='word_1_269' title='bbox 657 2992 688 3043; x_wconf 91' lang='lat' dir='ltr'><strong>et</strong></span> <span class='ocrx_word' id='word_1_270' title='bbox 708 2999 812 3042; x_wconf 91' lang='lat' dir='ltr'><strong>eorum</strong></span> <span class='ocrx_word' id='word_1_271' title='bbox 828 2985 895 3044; x_wconf 90' lang='lat' dir='ltr'><strong>aliis</strong></span> <span class='ocrx_word' id='word_1_272' title='bbox 912 2985 1031 3044; x_wconf 85' lang='lat' dir='ltr'><strong>liberta·</strong></span> 
     </span>
     <span class='ocr_line' id='line_1_34' title="bbox 54 3066 1030 3142; baseline -0.001 -17"><span class='ocrx_word' id='word_1_273' title='bbox 54 3073 117 3126; x_wconf 90' lang='lat' dir='ltr'><strong>tem</strong></span> <span class='ocrx_word' id='word_1_274' title='bbox 129 3083 192 3128; x_wconf 92' lang='lat' dir='ltr'><strong>non</strong></span> <span class='ocrx_word' id='word_1_275' title='bbox 208 3066 417 3142; x_wconf 89' lang='lat' dir='ltr'><strong>relinquimus,</strong></span> <span class='ocrx_word' id='word_1_276' title='bbox 433 3082 513 3142; x_wconf 92' lang='lat' dir='ltr'><strong>quae</strong></span> <span class='ocrx_word' id='word_1_277' title='bbox 527 3066 586 3141; x_wconf 93' lang='lat' dir='ltr'><strong>ipsi</strong></span> <span class='ocrx_word' id='word_1_278' title='bbox 601 3066 630 3125; x_wconf 90' lang='lat' dir='ltr'><strong>in</strong></span> <span class='ocrx_word' id='word_1_279' title='bbox 643 3083 700 3127; x_wconf 92' lang='lat' dir='ltr'><strong>nos</strong></span> <span class='ocrx_word' id='word_1_280' title='bbox 711 3067 812 3126; x_wconf 90' lang='lat' dir='ltr'><strong>dicere</strong></span> <span class='ocrx_word' id='word_1_281' title='bbox 825 3068 1030 3129; x_wconf 86' lang='lat' dir='ltr'><strong>adsuevimus.</strong></span> 
     </span>
     <span class='ocr_line' id='line_1_35' title="bbox 53 3148 890 3226; baseline 0 -18"><span class='ocrx_word' id='word_1_282' title='bbox 53 3148 136 3211; x_wconf 87' lang='lat' dir='ltr'><strong>loeis</strong></span> <span class='ocrx_word' id='word_1_283' title='bbox 150 3151 326 3226; x_wconf 91' lang='lat' dir='ltr'><strong>temperatis</strong></span> <span class='ocrx_word' id='word_1_284' title='bbox 341 3152 533 3222; x_wconf 89' lang='lat' dir='ltr'><strong>delectamur,</strong></span> <span class='ocrx_word' id='word_1_285' title='bbox 549 3148 708 3210; x_wconf 87' lang='lat' dir='ltr'><strong>inmodicis</strong></span> <span class='ocrx_word' id='word_1_286' title='bbox 723 3149 890 3211; x_wconf 87' lang='lat' dir='ltr'><strong>irascimur.</strong></span> 
     </span>
    </p>

    <p class='ocr_par' dir='ltr' id='par_1_4' title="bbox 52 3233 1057 3561">
     <span class='ocr_line' id='line_1_36' title="bbox 119 3233 1057 3312; baseline 0.001 -18"><span class='ocrx_word' id='word_1_287' title='bbox 119 3233 213 3294; x_wconf 87' lang='lat' dir='ltr'><strong>XVll.</strong></span> <span class='ocrx_word' id='word_1_288' title='bbox 245 3234 438 3312; x_wconf 73' lang='lat' dir='ltr'><strong>chrysippus</strong></span> <span class='ocrx_word' id='word_1_289' title='bbox 454 3235 495 3295; x_wconf 88' lang='lat' dir='ltr'><strong>ait</strong></span> <span class='ocrx_word' id='word_1_290' title='bbox 508 3233 660 3309; x_wconf 89' lang='lat' dir='ltr'><strong>quendam</strong></span> <span class='ocrx_word' id='word_1_291' title='bbox 674 3234 876 3307; x_wconf 88' lang='lat' dir='ltr'><strong>indignatum,</strong></span> <span class='ocrx_word' id='word_1_292' title='bbox 900 3236 984 3309; x_wconf 92' lang='lat' dir='ltr'><strong>quod</strong></span> <span class='ocrx_word' id='word_1_293' title='bbox 997 3235 1030 3294; x_wconf 87' lang='lat' dir='ltr'><strong>il·</strong></span> <span class='ocrx_word' id='word_1_294' title='bbox 1043 3254 1057 3307; x_wconf 91' lang='lat'>1</span> 
     </span>
     <span class='ocr_line' id='line_1_37' title="bbox 53 3317 1031 3392; baseline 0.002 -15"><span class='ocrx_word' id='word_1_295' title='bbox 53 3319 117 3378; x_wconf 91' lang='lat' dir='ltr'><strong>lum</strong></span> <span class='ocrx_word' id='word_1_296' title='bbox 133 3319 243 3392; x_wconf 86' lang='lat' dir='ltr'><strong>aliquis</strong></span> <span class='ocrx_word' id='word_1_297' title='bbox 266 3333 467 3378; x_wconf 89' lang='lat' dir='ltr'><strong>vervecem</strong></span> <span class='ocrx_word' id='word_1_298' title='bbox 493 3319 675 3378; x_wconf 90' lang='lat' dir='ltr'><strong>marinum</strong></span> <span class='ocrx_word' id='word_1_299' title='bbox 701 3317 827 3377; x_wconf 86' lang='lat' dir='ltr'><strong>dixerat.</strong></span> <span class='ocrx_word' id='word_1_300' title='bbox 860 3318 895 3377; x_wconf 80' lang='lat' dir='ltr'><strong>¹ln</strong></span> <span class='ocrx_word' id='word_1_301' title='bbox 922 3327 1031 3379; x_wconf 91' lang='lat' dir='ltr'><strong>senatu</strong></span> 
     </span>
     <span class='ocr_line' id='line_1_38' title="bbox 53 3395 1030 3477; baseline 0.002 -17"><span class='ocrx_word' id='word_1_302' title='bbox 53 3399 180 3461; x_wconf 89' lang='lat' dir='ltr'><strong>ilentem</strong></span> <span class='ocrx_word' id='word_1_303' title='bbox 195 3401 325 3461; x_wconf 91' lang='lat' dir='ltr'><strong>vidimus</strong></span> <span class='ocrx_word' id='word_1_304' title='bbox 345 3400 452 3461; x_wconf 86' lang='lat' dir='ltr'><strong>Fidum</strong></span> <span class='ocrx_word' id='word_1_305' title='bbox 471 3401 655 3474; x_wconf 86' lang='lat' dir='ltr'><strong>Cornelium,</strong></span> <span class='ocrx_word' id='word_1_306' title='bbox 677 3395 817 3462; x_wconf 88' lang='lat' dir='ltr'><strong>Naso-nis&#39;</strong></span> <span class='ocrx_word' id='word_1_307' title='bbox 826 3400 925 3462; x_wconf 90' lang='lat' dir='ltr'><strong>Ovidii</strong></span> <span class='ocrx_word' id='word_1_308' title='bbox 938 3417 1030 3477; x_wconf 52' lang='lat' dir='ltr'><strong>gene*</strong></span> 
     </span>
     <span class='ocr_line' id='line_1_39' title="bbox 52 3484 1031 3561; baseline -0.003 -16"><span class='ocrx_word' id='word_1_309' title='bbox 52 3498 138 3560; x_wconf 87' lang='lat' dir='ltr'><strong>rum,</strong></span> <span class='ocrx_word' id='word_1_310' title='bbox 165 3500 233 3546; x_wconf 91' lang='lat' dir='ltr'><strong>cum</strong></span> <span class='ocrx_word' id='word_1_311' title='bbox 257 3484 340 3545; x_wconf 91' lang='lat' dir='ltr'><strong>illum</strong></span> <span class='ocrx_word' id='word_1_312' title='bbox 361 3485 492 3547; x_wconf 85' lang='lat' dir='ltr'><strong>Corbulo</strong></span> <span class='ocrx_word' id='word_1_313' title='bbox 513 3485 857 3546; x_wconf 87' lang='lat' dir='ltr'><strong>struthocamelum</strong></span> <span class='ocrx_word' id='word_1_314' title='bbox 879 3485 1031 3561; x_wconf 87' lang='lat' dir='ltr'><strong>depila-</strong></span> 
     </span>
    </p>
   </div>
   <div class='ocr_carea' id='block_1_3' title="bbox 0 0 1224 3968">
    <p class='ocr_par' dir='ltr' id='par_1_5' title="bbox 0 0 1224 3968">
     <span class='ocr_line' id='line_1_40' title="bbox 0 0 1224 3968; baseline 0 6"><span class='ocrx_word' id='word_1_315' title='bbox 0 0 1224 3968; x_wconf 95' lang='lat' dir='ltr'><strong> </strong></span> 
     </span>
    </p>
   </div>
  </div>
 </body>
</html>
