2438 3968
197 256 258 320 114
368 258 401 315 L.
422 258 569 317 ANNAEI
591 256 765 317 SENECAE
787 257 887 320 DlAL.
910 259 961 315 Vl.

196 410 362 470 amiserunt
389 407 468 467 filios
498 406 639 479 iuveneS‚
666 414 792 482 utraque
821 423 877 482 spe
903 408 997 468 futuri
1026 410 1177 486 principis

197 502 292 553 certa:
318 490 441 552 Octavia
455 491 644 561 Marcellum,
668 491 715 549 cui
736 498 766 551 ct
785 492 953 551 avunculus
972 499 1006 553 et
1023 509 1124 554 socer
1136 494 1177 554 in·

197 578 337 636 cumbere
353 583 510 649 coeperat,
531 574 561 633 in
579 591 668 648 quem
684 590 762 634 onus
778 575 894 648 imperii
909 576 1084 648 reclinare,
1104 579 1177 638 adu·

196 662 357 720 lescentem
373 660 473 718 animo
487 660 632 729 alacrem,
648 656 769 732 ingenio
785 665 952 732 potentem,
972 661 1033 719 sed
1051 661 1176 737 frugali-

194 744 263 804 tatis
289 743 552 816 continentiaeque
575 743 603 799 in
629 742 686 800 illis
708 749 758 802 aut
778 743 865 802 annis
889 749 941 801 aut
965 743 1090 818 opibus
1118 763 1176 806 non

193 827 384 888 mediocriter
401 825 605 895 admirandae,
623 826 783 899 patientem
795 826 941 899 laborum,
959 827 1175 903 voluptatibus

194 912 340 983 alienum,
362 915 638 984 quantumcumque
659 909 805 983 inponere
826 909 866 968 illi
883 912 1062 971 amnonius
1078 921 1128 986 et,
1147 920 1176 974 ut

192 996 234 1053 ita
254 995 366 1065 dicam,
390 992 585 1052 inaedificare
606 993 766 1064 voluisset,
790 993 927 1053 laturum.
954 993 1039 1054 bene
1059 997 1176 1071 legerat

166 1077 266 1136 lnulli
294 1092 421 1136 cessura
448 1077 574 1150 ponderi
607 1076 809 1136 fundamenta.
848 1077 966 1135 Nullum
993 1078 1098 1140 finem
1123 1097 1175 1156 per

194 1176 283 1220 omne
307 1160 388 1218 vitae
413 1175 489 1218 suae
513 1165 633 1233 tempus
661 1159 754 1218 flendi
777 1158 982 1235 gemendique
1011 1162 1093 1224 fecit
1119 1180 1172 1224 nec

192 1245 270 1303 ullas
287 1243 407 1304 admisit
426 1258 520 1304 voces
543 1244 674 1302 salutare
696 1243 809 1316 aliquid
830 1244 1012 1318 adferentis,
1034 1263 1082 1306 ne
1104 1265 1172 1309 avo·

193 1328 254 1387 cari
276 1327 397 1403 quidem
420 1343 455 1387 se
476 1343 571 1402 passa
590 1333 651 1386 est:
674 1327 786 1386 intenta
806 1327 835 1385 in
858 1343 948 1386 unum
968 1345 1037 1388 rem
1063 1338 1097 1391 et
1112 1338 1170 1392 toto

193 1411 292 1472 animo
310 1412 413 1470 adfixa
427 1411 494 1471 talis
511 1427 566 1486 per
581 1427 699 1470 omnem
712 1409 802 1471 vitam
815 1411 876 1484 fuit,
893 1411 992 1486 qualis
1005 1410 1037 1472 in
1054 1414 1170 1476 funere.

192 1513 253 1557 non
275 1495 344 1556 dico
366 1502 496 1555 nonest
521 1511 597 1554 ausa
617 1509 816 1569 consurgere,
843 1496 899 1554 sed
919 1495 1064 1557 adlevari
1086 1516 1169 1560 recu·

193 1597 282 1653 sans,
313 1581 479 1639 secundam
511 1579 666 1638 orbitatem
696 1576 834 1637 iudicans
864 1578 1005 1640 lacrimas
1040 1583 1168 1653 mittere

193 1664 303 1723 nullam
318 1662 432 1721 habere
443 1662 602 1736 imaginem
617 1662 669 1720 filii
685 1661 833 1722 carissimi
847 1662 955 1735 voluit,
977 1663 1103 1725 nullam
1117 1667 1169 1726 sibi

164 1746 180 1797 5
192 1747 231 1804 de
246 1746 296 1806 illo
308 1746 373 1804 fieri
387 1746 577 1806 mentionem.
600 1745 711 1805 Oderat
723 1761 828 1805 omnes
841 1753 951 1806 matres
963 1754 996 1807 et
1007 1746 1040 1806 in
1053 1749 1168 1810 Liviam

192 1829 322 1887 maxime
338 1829 468 1899 furebat,
492 1830 562 1903 quia
583 1828 741 1888 videbatur
756 1829 794 1888 ad
810 1830 889 1890 illius
905 1829 999 1889 filium
1015 1835 1168 1895 transisse

192 1911 250 1970 sibi
272 1912 423 1985 promissa
444 1913 580 1972 felicitas.
607 1913 740 1972 tenebris
764 1921 794 1972 et
816 1913 972 1973 solitudini
993 1914 1167 1978 familiaris·

192 1995 283 2066 sima,
309 2011 347 2053 ne
367 1996 406 2053 ad
431 1997 550 2054 fratrem
574 1996 696 2068 quidem
718 1996 903 2070 respiciens,
931 1999 1074 2060 carmina
1096 2004 1168 2062 cele·

191 2078 328 2139 brandae
338 2077 473 2137 Marcelli
487 2078 649 2140 memoriae
665 2080 824 2155 conposita
839 2081 979 2155 aliosque
993 2083 1167 2146 studiorum

192 2161 325 2222 honores
346 2162 450 2221 reiecit
469 2170 498 2223 et
523 2178 612 2222 aures
638 2179 711 2223 suas
736 2163 884 2224 adversus
905 2179 996 2224 omne
1023 2167 1167 2229 solatium

192 2246 310 2307 clausit.
346 2263 364 2305 a
385 2246 580 2306 sollemnibus
602 2247 712 2307 officiis
733 2248 860 2308 seducta
881 2257 910 2308 et
930 2249 1032 2322 ipsam
1054 2252 1168 2328 magni·

191 2330 303 2390 tudinis
331 2333 480 2391 fraternae
501 2332 588 2391 nimis
609 2333 870 2392 circumlucentem
894 2333 1049 2393 fortunam
1075 2351 1169 2397 exosa

192 2415 308 2474 defodit
322 2431 356 2474 se
376 2424 406 2476 et
425 2413 547 2476 abdidit.
575 2414 783 2474 adsidentibus
798 2414 915 2487 liberis,
937 2418 1113 2490 nepotibus
1128 2422 1167 2479 lu·

192 2499 319 2572 gubrem
339 2505 454 2558 vestem
470 2515 531 2558 non
547 2499 704 2573 deposuit,
726 2514 786 2559 non
809 2500 875 2559 sine
895 2501 1088 2563 contumelia
1110 2520 1167 2564 om·

193 2582 274 2642 nium
291 2599 425 2653 suorum,
443 2582 552 2657 quibus
569 2583 662 2642 salvis
679 2583 753 2642 orba
767 2583 826 2642 sibi
840 2582 1010 2643 videbatur.

164 2676 179 2726 1
251 2667 299 2724 lll.
323 2665 409 2726 Livia
429 2667 572 2725 amiserat
590 2666 684 2724 filium
698 2667 844 2739 Drusum,
866 2683 1008 2742 magnum
1032 2669 1168 2731 futurum

192 2748 376 2824 principem,
399 2749 457 2808 iarn
473 2766 613 2823 magnum
630 2751 753 2808 ducem:
773 2751 937 2811 intraverat
951 2752 1082 2825 penitus
1098 2754 1167 2814 Ger·

190 2834 321 2892 maniam
340 2840 370 2893 et
396 2831 437 2892 ibi
466 2833 583 2909 signum
604 2834 731 2893 Romani
760 2836 903 2906 fixerunt,
930 2834 981 2894 ubi
1007 2835 1065 2896 vix
1091 2840 1167 2899 ullos

192 2932 262 2977 esse
273 2918 427 2978 Romanos
440 2926 543 2977 notum
556 2924 628 2976 erat.
649 2916 678 2974 in
691 2918 884 2991 expeditione
895 2919 1082 2983 decesserat
1092 2920 1167 2997 ipsis

192 3001 273 3060 illum
295 2999 433 3061 hostibus
456 3016 578 3076 aegrum
605 3016 673 3060 cum
695 3001 890 3061 veneratione
910 3008 940 3060 et
961 3017 1041 3075 pace
1065 3014 1169 3066 mutua

192 3084 447 3160 prosequentibus
463 3100 520 3143 nec
541 3089 646 3158 optare
667 3084 750 3159 quod
774 3085 956 3160 expediebat
968 3085 1167 3150 audentibus

193 3168 358 3227 accedebat
372 3169 411 3227 ad
426 3169 504 3227 hanc
518 3175 658 3238 mortem,
682 3185 771 3243 quam
792 3169 841 3228 ille
858 3183 912 3243 pro
928 3169 1094 3243 republica
1109 3172 1169 3234 obi·

193 3257 272 3320 erat,
308 3251 414 3325 ingens
441 3252 551 3311 civium
576 3251 861 3327 provinciarumque
887 3260 916 3312 et
941 3253 1036 3312 totius
1065 3255 1169 3317 Italiac

194 3333 393 3408 desiderium,
415 3352 470 3411 per
492 3353 582 3410 quam
597 3335 703 3394 effusis
725 3336 754 3395 in
776 3337 908 3396 officium
926 3336 1060 3410 lugubre
1075 3339 1169 3400 muni·

195 3415 282 3490 cipiis
308 3417 498 3493 coloniisque
526 3435 625 3493 usque
651 3421 680 3478 in
705 3420 810 3478 urbem
837 3421 960 3479 ductum
987 3430 1058 3483 erat
1081 3426 1170 3485 funus

164 3500 343 3575 utriumpho
357 3503 545 3562 simillimum.
560 3503 625 3562 Non
642 3503 765 3562 licuerat
778 3505 862 3562 matri
876 3504 978 3562 ultima
994 3505 1050 3568 lilii
1064 3512 1168 3572 oscula
