2438 3968
142 332 197 390 Ab
217 330 401 389 MARCIAM
423 331 473 388 Du
496 328 793 388 CONSULATIONE.
816 339 935 390 20-22.
969 329 1029 392 133

56 484 143 544 euius
165 489 441 558 quantumcumque
462 481 552 540 luerit
571 481 803 553 incrementum,
824 496 883 539 nou
905 488 1031 541 nnultutn

56 566 153 626 aberit
168 566 312 625 anihilo‘t
334 582 394 624 uno
416 565 509 623 modo
525 565 649 623 mullum
670 570 717 622 est
738 564 821 638 quod
842 564 981 639 vivimus,
1001 566 1028 626 si

55 650 131 710 salis
147 658 202 710 est.
235 649 319 708 Licet
333 647 405 708 mihi
419 651 543 708 vivaces
558 655 588 706 et
601 648 631 706 in
646 648 820 706 memoriam
839 649 964 709 traditae
980 665 1027 709 se·
1042 655 1059 708 3

55 733 185 794 nectutis
196 734 277 792 viros
286 733 433 804 nomines,
450 739 594 792 centenos
607 732 766 806 denosque
778 747 963 805 percenseas
976 747 1027 792 an-

55 834 129 877 nos:
152 834 220 876 cum
240 818 279 876 ad
296 833 385 875 omne
400 823 521 889 tempus
536 814 686 874 dimiseris
708 815 850 887 animum,
872 815 954 875 ntdla
975 817 1030 875 erit

55 903 105 960 illa
120 901 291 960 brevissimi
312 898 546 974 longissimique
559 897 626 957 aevi
642 898 819 972 dillerentia,
841 899 867 958 si
888 899 1027 974 inspecto

56 992 170 1060 quanto
194 984 263 1058 quis
279 983 388 1044 vixerit
408 982 517 1057 spatio,
541 983 756 1057 comparaveris
778 989 888 1058 quanto
911 1000 971 1043 non
986 985 1029 1042 vi-

54 1069 141 1128 xerit.
163 1068 281 1128 Deinde
296 1067 323 1127 si
337 1069 503 1128 inmaturus
520 1067 654 1143 [decessit
665 1067 724 1140 titt,
738 1074 817 1128 certe
825 1067 892 1140 futu
906 1083 964 1127 oon
978 1071 1028 1127 ιιι-
1043 1068 1060 1120 l
1088 1104 1091 1110 -

53 1158 199 1223 maturus]
216 1152 359 1211 decessit.
383 1153 457 1211 vixit
477 1152 555 1210 enim
572 1159 715 1225 quantum
731 1150 836 1211 debuit
850 1150 961 1210 vivere.
984 1153 1027 1210 ui-

56 1237 95 1295 hil
111 1237 151 1294 illi
164 1237 223 1294 iam
239 1237 315 1294 ultra
335 1242 503 1308 supererat.
531 1235 597 1294 Non
616 1251 676 1293 una
692 1233 865 1295 hominibus
886 1242 1027 1295 senectus

55 1328 110 1393 est,
126 1328 208 1379 utne
223 1320 402 1378 animalibus
424 1320 562 1394 quidem:
585 1321 663 1377 intra
685 1316 913 1392 quatuordecim
936 1334 1024 1392 quae·

55 1405 125 1463 dam
140 1419 238 1463 annos
254 1402 437 1476 delatigavit‚
461 1403 580 1461 ethaeo
602 1402 659 1460 illis
681 1402 860 1475 longissima
882 1406 966 1462 aetas
982 1411 1029 1462 est

56 1487 259 1561 quaehomini
274 1487 381 1560 prima¹
415 1486 521 1559 dispar
542 1485 652 1558 cuique
673 1484 795 1544 vivendi
810 1485 936 1545 facultas
958 1486 1029 1544 data

55 1578 111 1629 est.
134 1585 222 1628 nemo
240 1570 328 1629 nimis
345 1570 403 1629 cito
418 1570 553 1639 moritur,
577 1567 648 1642 quia
662 1567 796 1629 victurus
811 1569 922 1628 diutius
938 1586 1028 1644 quam

56 1654 131 1713 vixit
146 1671 206 1713 non
225 1654 288 1712 luit.
317 1653 411 1713 Fixus
429 1661 476 1712 εει
496 1654 608 1727 cuique
622 1651 781 1712 terminus=
801 1652 934 1712 mauebit
949 1666 1026 1713 sem·
1043 1657 1060 1708 5

57 1753 111 1810 per
128 1737 178 1796 ubi
195 1737 314 1811 positus
329 1745 385 1796 est.
415 1752 472 1794 nec
489 1738 571 1795 illum
587 1735 712 1795 ulterius
727 1736 882 1810 diligentia
896 1744 948 1797 aut
960 1752 1026 1812 gra-

57 1820 96 1880 tia
108 1821 310 1894 promovebit.
334 1821 378 1880 sie
390 1820 476 1893 habe,
492 1823 536 1880 uit
549 1821 632 1878 illum
644 1835 682 1879 ex
698 1820 825 1880 oonsilio
838 1821 1027 1894 perdidisse:

56 1904 220 1964 tulitsuum

279 1997 426 2065 metasque
442 1991 506 2048 dati
514 1992 650 2064 peruenit
664 1990 707 2048 od
719 1993 792 2049 aevi.

117 2072 183 2132 Non
200 2080 247 2133 εει
262 2073 363 2147 itaque
376 2074 459 2147 quod
474 2073 519 2132 sic
534 2081 563 2131 le
581 2087 706 2132 oneres:
729 2072 846 2146 „potnit
858 2071 970 2131 diutius
986 2072 1026 2130 vi·
1044 2081 1061 2134 6

56 2161 157 2214 vere.“
178 2157 243 2216 Non
261 2165 308 2216 εει
322 2158 489 2231 interrupta
505 2156 571 2216 eins
587 2156 647 2214 vita
662 2172 718 2214 nec
733 2171 876 2230 umquam
891 2171 926 2214 se
941 2155 1028 2214 aunis

56 2255 148 2299 casus
163 2240 299 2300 interloit.
322 2240 450 2300 solvitur
465 2241 547 2315 quod
563 2241 672 2313 cuique
685 2240 868 2312 promissum
885 2245 941 2298 εει.
956 2245 1030 2298 eunt

57 2326 106 2383 viu
121 2339 178 2382 sua
187 2325 249 2384 lata
260 2340 317 2383 nec
329 2324 464 2383 adiciunt
475 2324 637 2399 quicquam
649 2339 706 2381 nec
718 2339 756 2381 ex
769 2321 921 2398 promisso
932 2324 1029 2382 semel

55 2406 188 2465 demunt.
229 2409 340 2468 frustra
362 2414 432 2467 vola
456 2423 492 2466 ac
519 2407 620 2466 studia
639 2413 723 2464 sunt:
753 2405 876 2465 babebit
897 2405 1054 2480 quisque

56 2498 201 2562 quantum
223 2490 265 2549 illi
280 2490 346 2551 dies
360 2491 477 2566 primus
492 2490 664 2564 adscripsit,
694 2504 733 2548 ex
747 2489 799 2549 illo
815 2506 875 2564 quo
899 2488 1028 2564 primum

56 2575 153 2635 lucem
170 2575 252 2646 vidit,
267 2575 323 2634 iter
334 2575 439 2635 mortis
451 2574 608 2648 ingressus
621 2580 669 2632 est
680 2573 872 2648 accessitque
884 2574 944 2633 lato
956 2586 1027 2647 pro-

54 2658 124 2731 pior
139 2664 168 2716 ει
187 2658 229 2716 illi
243 2658 303 2731 ipsi
316 2659 367 2732 qui
382 2657 590 2718 adiciebantur
605 2657 830 2716 adulescentiae
844 2658 929 2729 anni,
947 2659 1026 2717 vitae

55 2741 298 2800 detrahebantur.
320 2743 353 2800 ln
368 2740 428 2803 hoo
440 2757 545 2801 omnes
560 2757 663 2800 errore
674 2755 838 2813 versamur,
855 2747 959 2801 utnon
971 2758 1024 2815 pu·
1042 2742 1058 2796 7

54 2833 152 2884 temus
167 2825 205 2883 ad
223 2832 349 2884 mortem
370 2826 428 2885 nisi
450 2840 542 2885 senes
563 2823 787 2898 inclinatosque
809 2823 868 2883 iam
892 2840 1027 2898 vergere,

55 2924 124 2967 cum
149 2909 200 2969 illo
227 2909 351 2969 infantia
374 2909 473 2968 statim
498 2917 527 2969 ει
550 2910 681 2981 iuventa,
709 2907 806 2968 omnis
833 2916 916 2969 aetas
941 2909 1026 2968 terat.

54 2995 158 3064 Agunt
173 3009 252 3068 opus
264 3010 353 3053 suum
369 2995 444 3053 lata:
463 2993 551 3052 nobis
566 3008 690 3052 sensum
705 2999 828 3051 nostrae
842 2993 927 3051 necis
943 2992 1026 3051 aule-

53 3082 133 3148 runt
156 3092 280 3153 quoque
296 3077 415 3137 facilius
431 3077 589 3151 obrepant
611 3092 693 3134 mors
709 3076 767 3134 sub
782 3076 851 3149 ipso
872 3076 952 3136 vitae
972 3091 1025 3135 uu·

55 3158 136 3218 mine
155 3162 242 3222 latet:
262 3161 406 3221 infantem
427 3160 456 3219 in
479 3177 514 3219 se
533 3159 660 3234 pueritia
681 3159 844 3233 convertit,
867 3160 1027 3234 pueritiam

55 3243 217 3318 pubertas,
242 3245 383 3305 iuvenem
403 3260 500 3305 senex
524 3244 656 3304 abstulit.
688 3243 874 3304 incrementa
894 3245 976 3319 ipsa,
999 3243 1026 3303 si

54 3327 134 3387 bene
149 3335 307 3404 computes
325 3329 436 3388 damna
450 3337 529 3388 sunt.

116 3411 207 3472 xxm
224 3412 375 3487 Quereris,
394 3412 518 3484 Marcia,
539 3427 599 3470 non
621 3418 681 3470 tam
699 3410 752 3472 diu
770 3413 864 3472 iillum
886 3419 969 3471 tuum
985 3413 1055 3470 vi-·l

54 3496 140 3556 nisse
151 3512 242 3571 quam
254 3495 414 3571 potuisset
432 3497 512 3556 unde
527 3496 605 3554 enim
621 3496 683 3554 sols
698 3512 736 3554 an
753 3496 865 3555 diutius
880 3497 920 3554 illi
932 3510 1025 3569 expe-

54 3578 145 3638 dierit
160 3579 283 3638 viveret
311 3597 349 3638 an
363 3580 406 3639 illi
420 3580 477 3638 hac
492 3587 587 3639 morte
601 3582 772 3641 consultum
787 3581 847 3640 sit‘t
873 3579 1035 3652 Querulu-
