2438 3968
273 223 375 283 orna.
396 225 448 283 iv.
476 225 527 285 ou
549 183 617 285 ran
641 226 711 285 ua.
735 226 771 285 n.
791 235 921 287 10-12.
1043 226 1078 292 ol

107 392 170 436 non
185 375 304 436 timetur
317 373 420 450 febris,
435 377 581 451 podagra,
599 376 686 435 ulcus
701 378 834 435 mdumt
855 378 1002 452 numquid
1013 378 1082 439 ideo

110 458 275 535 quicquam
300 458 331 519 in
352 459 418 519 istis
442 459 513 520 boni
539 466 608 518 estt
639 467 669 518 at
690 466 795 519 contra
815 460 916 520 omnia
938 461 1084 537 despecta

108 544 262 616 foedaque
277 549 307 603 et
321 543 421 617 turpia
436 543 504 618 ipso
521 559 580 617 quo
595 543 751 603 timentur:
777 542 821 602 sic
841 543 885 602 ira
905 559 961 618 per
981 560 1016 604 se
1031 544 1084 603 de·

107 627 215 686 formis
231 633 277 686 est
292 634 322 687 et
335 627 456 686 minime
471 627 645 697 metuenda,
669 634 699 686 at
718 627 837 687 timetur
856 643 875 686 a
890 628 1027 700 pluribus
1043 627 1083 688 si-

108 718 160 770 cut
174 709 320 770 deformis
335 725 469 784 persona
484 711 523 770 ab
537 711 712 770 infantibus.
743 709 834 783 Quid,
857 712 940 784 quod
962 717 1112 785 sempera

107 794 137 852 in
164 800 305 853 auctores
330 793 481 853 redundat
500 794 588 853 timor
607 810 664 853 nec
686 793 846 868 quisquam
862 793 1003 854 metuitur
1016 795 1084 869 ipse

107 883 260 938 securus?
301 885 440 937 occurrat
460 877 520 937 hoc
541 881 608 937 loco
629 877 682 936 tibi
696 877 883 937 Laberianus
898 879 949 937 ille
962 894 1082 949 versus

108 961 161 1035 qui
177 961 277 1019 medio
292 961 370 1021 civili
386 962 466 1020 bello
481 961 510 1019 in
522 961 639 1021 theatro
655 960 754 1021 dictus
768 968 862 1021 totum
877 961 908 1020 in
930 977 964 1020 se
985 976 1083 1037 popu-

106 1047 168 1104 lum
184 1060 244 1103 non
260 1044 345 1104 aliter
361 1042 523 1118 convertit,
540 1061 630 1119 qnam
646 1045 672 1104 si
687 1045 781 1104 missa
796 1052 880 1105 esset
893 1061 955 1104 vox
971 1045 1083 1120 publici

96 1129 263 1187 adlectus:

234 1211 358 1271 Necesse
371 1221 414 1270 est
423 1215 526 1272 multos
539 1215 638 1272 timeat
655 1228 739 1285 qoem
753 1217 837 1272 multi
849 1216 956 1273 timent.

105 1296 151 1355 lta
166 1303 272 1357 natura
287 1293 448 1368 constituit,
464 1301 496 1355 ut
507 1294 652 1369 quicquid
665 1295 763 1355 alieno
776 1303 857 1355 metu
871 1303 1080 1370 magnumst,
1094 1309 1112 1362 t

106 1395 197 1438 asuo
213 1395 274 1437 non
289 1385 387 1437 vacet.
419 1379 553 1438 Leonum
574 1394 663 1452 quam
686 1378 798 1452 pavida
820 1379 942 1438 suntad
963 1379 1081 1438 levissi-

106 1478 175 1522 mos
200 1476 295 1533 sonos
316 1468 462 1535 pentoma
494 1461 657 1520 acerrimus
682 1462 763 1520 leras
786 1463 894 1520 umbra
918 1469 948 1520 et
968 1478 1029 1520 vox
1055 1469 1084 1520 et

107 1546 185 1606 odor
210 1544 350 1604 insolitus
372 1544 512 1618 exagitat.
558 1542 703 1618 quicquid
719 1545 781 1617 [de]
795 1551 886 1604 terret
899 1552 929 1603 et
943 1543 1081 1618 trepidat.

106 1644 168 1687 non
188 1635 322 1701 astorgo
340 1642 434 1702 quare
449 1626 647 1701 concupiscat
662 1627 823 1702 quisquam
841 1628 965 1702 sapiens
977 1628 1083 1702 timeri,

107 1727 166 1770 nec
180 1711 250 1771 idco
266 1711 341 1769 iram
355 1726 497 1784 maguum
514 1711 657 1785 quiddam
672 1719 764 1784 putet,
781 1711 851 1786 quia
863 1711 1013 1771 formidini
1026 1721 1081 1784 est

108 1796 252 1870 quoniam
265 1795 386 1868 quidem
395 1794 485 1854 etiam
496 1793 755 1869 contemptissima
766 1795 905 1856 timentur
919 1804 951 1856 ut
965 1811 1082 1855 venena

107 1886 139 1937 et
156 1895 229 1938 ossa
243 1878 387 1952 pestilera
403 1885 433 1938 et
446 1895 577 1940 morsus.
606 1879 669 1938 Nec
689 1879 795 1938 mirum
811 1888 872 1951 est,
900 1896 966 1939 cum
987 1879 1109 1940 maxi-5

106 1978 173 2022 mos
190 1962 321 2021 ferarum
336 1977 446 2037 greges
462 1963 541 2022 linea
562 1962 661 2037 pinnis
683 1962 824 2023 distincta
839 1964 991 2023 contineat
1009 1969 1039 2021 et
1051 1963 1081 2021 in

105 2045 233 2105 insidias
248 2052 327 2120 agat,
343 2047 381 2105 ab
396 2045 466 2120 ipso
482 2046 603 2106 adiectu
618 2047 698 2106 diota
712 2047 888 2106 tormido=
903 2046 990 2106 vanis
1002 2045 1081 2105 enim

106 2146 187 2189 vana
208 2131 315 2189 terrori
331 2136 408 2190 sunt.
452 2130 591 2190 curriculi
615 2140 715 2190 motus
737 2139 933 2204 rotarumque
957 2136 1080 2189 versata

106 2213 201 2273 iacies
218 2214 324 2273 leones
338 2214 455 2288 redegit
468 2214 498 2272 in
515 2228 649 2273 caveam.
684 2214 863 2288 elephantos
879 2214 1005 2289 porcina
1020 2229 1081 2273 vox

105 2304 207 2357 terret.
236 2296 287 2358 Sic
300 2297 404 2372 itaque
419 2298 463 2356 ira
476 2298 625 2368 metuitur,
642 2298 796 2371 quomodo
812 2297 920 2358 umbra
934 2296 971 2356 ab
984 2296 1078 2355 inlan-
1092 2302 1108 2355 6

106 2379 197 2452 tibus,
213 2398 231 2439 a
245 2380 317 2440 feris
332 2381 445 2440 rubens
464 2382 563 2455 pinna.
597 2396 657 2439 non
673 2381 742 2457 ipsa
755 2381 784 2440 in
802 2396 836 2441 se
852 2381 1012 2456 quicquam
1028 2380 1080 2438 lra-

107 2463 161 2522 bet
170 2463 289 2523 firmum
304 2470 355 2524 aut
370 2464 456 2537 torte,
472 2464 528 2524 sed
543 2466 626 2524 leves
643 2464 761 2525 animos
776 2473 886 2524 movet.

168 2545 233 2608 ΧΠ.
264 2548 432 2622 „Nequitia
452 2547 557 2622 inquit,
577 2549 615 2607 de
635 2563 735 2608 rerum
756 2555 863 2607 natura
877 2545 1010 2606 tollenda
1025 2554 1106 2616 esti

106 2629 135 2690 si
150 2629 227 2691 velis
247 2631 322 2691 iram
342 2632 464 2691 tollere:
489 2639 628 2691 neutrum
649 2638 747 2691 autem
769 2639 870 2706 potest
890 2631 985 2689 fiori.“
1017 2629 1078 2688 Pri-

105 2728 188 2772 mum
204 2723 306 2788 potest
320 2714 429 2789 aliquis
444 2732 505 2775 non
524 2717 634 2789 algere,
648 2716 787 2790 quamvis
805 2731 844 2774 ex
857 2729 956 2773 rerum
974 2719 1080 2772 natura

104 2796 203 2857 hiems
225 2797 273 2872 sit
294 2807 324 2859 et
346 2815 406 2858 non
423 2806 571 2871 aestuare,
595 2799 732 2872 quamvis
747 2814 870 2859 menses
886 2796 993 2857 aestivi
1010 2796 1078 2856 sint.

105 2888 158 2941 aut
182 2882 240 2941 loci
262 2882 411 2942 beneficio
433 2883 582 2943 adversus
604 2882 810 2956 intemperiem
836 2881 905 2940 anui
930 2888 1011 2940 tutus
1033 2885 1080 2940 est

104 2971 158 3024 aut
173 2965 315 3039 patientia
334 2967 473 3040 corporis
488 2981 612 3026 sensum
628 2966 785 3041 utriusque
800 2964 937 3040 pervicit.
960 2964 1105 3024 Deindea

102 3055 190 3107 verte
204 3047 300 3110 istudz
325 3065 455 3110 neccsse
476 3056 523 3110 est
540 3050 625 3124 prius
646 3049 784 3110 virtutem
807 3065 844 3109 ex
866 3049 966 3108 animo
986 3048 1076 3109 tollas

105 3148 196 3206 quam
218 3133 404 3194 iracundiam
421 3134 568 3208 recipias,
588 3132 730 3208 quoniam
749 3150 816 3194 cum
830 3133 991 3192 virtutibus
1006 3129 1077 3191 vitia

103 3232 165 3276 non
182 3225 301 3277 coeunt.
339 3233 396 3278 nec
411 3217 507 3292 magis
524 3217 685 3293 quisquam
702 3218 810 3277 eodem
824 3224 962 3290 tempore
977 3223 1006 3275 et
1020 3215 1077 3275 ira-

102 3307 153 3360 tus
169 3307 270 3375 potest
284 3316 355 3361 esse
369 3308 400 3361 et
411 3302 459 3360 vir
474 3300 575 3363 bonus
591 3319 680 3376 quam
701 3317 792 3376 aeger
806 3307 836 3360 et
850 3316 954 3361 sanus.
991 3299 1107 3373 „Nona

104 3389 215 3458 potest,
231 3385 335 3460 inquit,
355 3386 451 3445 omnis
468 3401 507 3444 ex
525 3386 625 3446 animo
643 3385 687 3445 ira
702 3387 781 3445 tolli:
799 3401 856 3445 neo
871 3384 929 3444 hoc
944 3383 1075 3445 hominis

103 3477 212 3529 natura
228 3469 368 3543 patitur.“
405 3470 499 3545 Atqui
522 3469 593 3529 nihil
614 3476 661 3529 est
686 3478 745 3528 tam
767 3469 889 3528 dilticile
905 3475 935 3527 et
949 3468 1077 3526 arduum
