2438 3968
275 254 376 314 nini.
399 255 436 313 V.
480 253 532 313 DE
550 255 619 316 ilia
639 253 711 314 LlB.
734 256 780 314 lll.
804 265 921 319 12-14.
1039 256 1080 320 91

113 425 202 470 suam
224 409 340 483 experti
364 423 471 482 parere
492 407 568 483 ipsis
589 406 618 467 in
640 407 771 467 adversa
785 409 948 469 valitudine
971 416 1080 472 vetem.

114 491 266 569 Optimum
288 500 335 552 est
351 491 430 552 notis
445 489 527 552 vitiis
541 489 745 566 iupedimenta
762 492 939 566 prospicere
960 499 990 552 et
1010 500 1112 556 antei

112 576 215 637 omnia
229 576 270 635 ita
285 589 459 650 conponere
475 575 613 647 animum,
630 582 662 634 ul
677 575 765 635 etiam
782 575 972 650 gravissimis
987 577 1080 638 rebus

112 659 284 734 subitisque
291 673 462 720 concussus
476 658 551 718 iram
562 664 684 718 autnon
697 658 808 720 sentiat
818 660 1080 734 autmagnitudinc

111 744 285 819 inopinatae
297 742 424 803 iniuriae
434 749 569 802 exonam
581 739 610 800 in
625 744 716 803 altum
730 740 863 801 retrahat
874 757 931 801 nec
945 743 1079 804 dolorem

112 843 202 887 suum
218 826 404 902 profiteatur.
447 826 481 885 ld
497 826 561 885 lieri
577 840 673 899 posse
687 825 853 901 adparebit‚
877 825 903 884 si
927 842 1024 900 pauca
1042 842 1080 886 ex
1094 828 1111 884 i

111 911 200 972 turba
212 910 325 985 ingenti
338 910 478 984 exempla
495 911 658 985 protulero,
674 924 711 968 ex
732 908 844 983 quibus
860 916 1021 986 utrumque
1036 910 1079 970 di-

111 1009 199 1055 scere
211 995 288 1068 licet,
305 1002 448 1070 quantum
457 991 643 1053 malihabeat
654 993 705 1065 ira,
721 993 772 1053 ubi
784 993 938 1052 hominum
950 1009 1080 1069 praepo-

109 1086 224 1139 tentum
239 1084 389 1152 potestate
406 1083 468 1138 tota
482 1077 579 1150 utitur,
601 1085 745 1151 quantum
768 1076 825 1137 sibi
844 1077 993 1152 imperare
1007 1091 1079 1153 pos-

110 1161 159 1235 sit,
174 1163 226 1221 ubi
240 1170 321 1221 metu
337 1162 451 1221 maiore
465 1176 636 1236 conpressa
651 1167 706 1220 est

172 1245 250 1304 XlV.
275 1245 445 1324 Cambysen
468 1260 570 1319 regem
592 1245 680 1304 nirnis
701 1244 835 1304 deditum
858 1244 928 1303 vino
948 1243 1110 1315 Praexa-1

108 1344 185 1405 spes
201 1346 279 1388 unus
294 1345 333 1388 ex
348 1326 513 1389 carissimis
529 1328 678 1399 monebat
695 1336 727 1388 ut
742 1328 865 1402 parcius
880 1327 1002 1400 biberet,
1018 1335 1078 1387 tur·

111 1428 182 1489 pern
197 1428 268 1477 esse
283 1412 389 1473 dicens
409 1412 583 1471 ebrietatem
598 1413 627 1471 in
640 1426 721 1485 rege,
746 1426 836 1487 quem
852 1409 984 1470 omnium
1000 1412 1078 1471 oculi

110 1512 263 1570 auresque
282 1503 491 1570 sequerentur.
518 1496 567 1554 Ad
585 1495 661 1553 haec
682 1495 746 1553 ille:
777 1501 836 1568 „ut
855 1494 953 1568 scias,
973 1494 1080 1569 inquil,

110 1580 366 1655 quemadmodum
375 1594 540 1654 numquam
547 1578 686 1638 excidam
695 1577 774 1652 milri,
788 1577 968 1652 adprobabo
980 1578 1039 1638 iarn
1050 1586 1080 1638 et

111 1664 219 1724 oculos
232 1663 416 1738 pasturum
429 1663 457 1721 in
471 1661 573 1722 olllcio
584 1677 656 1722 esse
670 1670 700 1722 et
713 1667 854 1721 manus.“
878 1661 958 1722 Bibit
968 1662 1080 1722 deinde
1094 1673 1111 1726 a

110 1748 266 1821 liberalius
282 1763 371 1822 quarn
386 1747 462 1806 alias
481 1743 694 1821 capacioribus
714 1744 844 1824 scyphis
857 1753 887 1805 et
901 1746 960 1805 iam
975 1745 1078 1820 gravis
1095 1813 1098 1817 ,

109 1846 147 1891 ao
163 1829 236 1890 vino
251 1831 350 1891 lentus
365 1829 569 1905 obiurgatoris
585 1830 631 1889 sui
649 1829 742 1889 fllium
764 1829 933 1905 procedere
953 1831 1031 1890 ultra
1044 1829 1078 1888 li-

109 1929 178 1974 men
200 1914 282 1975 iubet
302 1915 501 1990 adlevataque
516 1929 611 1988 super
627 1920 718 1987 caput
739 1911 861 1973 sinistra
879 1929 971 1973 manu
986 1920 1077 1974 stare.

108 2008 180 2060 tunc
195 1997 324 2058 intendit
345 2013 448 2057 arcum
468 2005 498 2057 et
519 1997 619 2073 ipsum
641 2013 694 2057 eor
714 1996 929 2072 adulescentis,
952 1998 984 2057 id
998 1997 1077 2057 enim

109 2089 214 2159 petere
228 2097 264 2141 se
275 2080 401 2155 dixerat,
418 2082 482 2157 ligii
494 2080 692 2155 rescissoque
703 2087 827 2156 pectore
842 2079 973 2141 haerens
987 2079 1017 2140 in
1033 2081 1077 2155 ip·

106 2184 145 2227 so
160 2166 255 2227 corde
272 2166 423 2241 spiculum
436 2165 569 2226 ostendit
583 2181 620 2225 ac
634 2164 803 2240 respiciens
819 2172 936 2239 patrem
950 2165 1077 2224 interro·

106 2250 205 2325 gavit,
235 2249 350 2310 satisne
377 2256 489 2310 certam
511 2249 636 2310 haberet
660 2264 792 2308 manum.
827 2248 868 2308 At
886 2248 937 2309 ille
958 2247 1078 2322 negavit

108 2333 281 2409 Apollinem
294 2333 431 2409 potuisse
443 2333 555 2394 certius
565 2332 691 2393 mittere.
713 2331 749 2392 Ili
764 2332 845 2392 illum
858 2333 936 2391 male
952 2331 1111 2405 perdente

111 2416 213 2477 animo
231 2417 328 2492 magis
344 2433 435 2492 quam
450 2417 631 2478 condicione
645 2416 843 2490 mancipium!
874 2414 940 2475 eius
955 2415 999 2474 rei
1014 2414 1076 2474 lau·

108 2501 198 2561 dator
211 2501 278 2571 luit,
298 2501 385 2561 cuius
400 2500 491 2561 nimis
505 2508 570 2561 erat
586 2507 788 2574 spectatorem
805 2497 912 2559 luisse.
939 2496 1076 2559 occasio·

108 2599 179 2644 nem
194 2583 405 2645 blanditiarum
418 2583 535 2660 putavit
547 2590 653 2658 pectus
666 2584 718 2643 lilii
733 2583 762 2642 in
777 2582 855 2642 duas
869 2589 972 2656 parles
989 2581 1076 2642 didu-

107 2675 188 2729 ctum
202 2677 233 2728 et
247 2683 302 2728 cor
316 2668 373 2728 sub
394 2669 519 2728 volnere
534 2667 696 2742 palpitans.
725 2666 962 2726 controversiam
977 2665 1018 2725 illi
1033 2666 1071 2727 la

105 2767 179 2812 cere
199 2751 238 2813 de
252 2752 349 2826 gloria
363 2751 468 2812 debuit
482 2757 512 2811 el
526 2766 673 2810 revocare
693 2751 817 2823 inmuni,
841 2757 873 2809 ut
891 2750 956 2824 regi
971 2749 1078 2810 liberet

105 2836 135 2895 in
165 2836 235 2911 ipso
260 2842 348 2910 patre
372 2835 530 2896 certiorem
556 2850 677 2894 manum
698 2834 870 2895 ostendere.
925 2832 1109 2907 Oregemt

104 2925 279 2980 cruentum!
297 2935 316 2980 o
330 2917 454 2995 dignum
469 2919 498 2978 in
515 2934 605 2994 quem
621 2916 753 2978 omnium
768 2932 893 2978 suorum
909 2931 999 2976 arcum
1009 2931 1076 2975 ver·

104 3010 255 3063 terenturl
285 3002 358 3063 Cum
375 3002 525 3064 exsecrati
545 3001 689 3062 luerimus
704 3002 786 3062 illum
804 3000 943 3061 convivia
959 2998 1076 3074 suppli·

100 3087 162 3146 ciis
179 3086 399 3162 funeribusque
415 3087 599 3159 solventem,
619 3092 718 3146 tamen
734 3085 911 3145 sceleratius
931 3085 1024 3145 telum
1041 3082 1075 3142 il·

103 3171 160 3230 lud
174 3171 329 3230 laudatum
344 3179 392 3231 est
406 3186 497 3244 quam
511 3169 648 3230 missum.
681 3167 852 3228 videbimus
869 3167 1024 3243 quomodo
1041 3182 1076 3227 se

104 3261 193 3330 pater
211 3269 318 3329 gerere
333 3254 471 3314 debuerit
492 3260 577 3314 stans
599 3269 695 3328 super
715 3252 847 3311 cadaver
866 3252 918 3312 dlii
940 3251 988 3311 sui
1008 3264 1076 3311 cae·

100 3339 239 3413 demque
252 3339 342 3410 illam,
366 3339 452 3397 cuius
467 3344 498 3398 el
514 3338 600 3398 testis
619 3338 717 3396 luerat
729 3342 759 3395 el
775 3351 887 3396 causa:
915 3334 945 3394 id
958 3335 998 3395 de
1013 3350 1075 3410 quo

104 3436 186 3482 nunc
208 3422 315 3496 agitur,
336 3422 478 3497 adparet,
499 3420 574 3481 iram
596 3420 745 3495 supprimi
765 3435 870 3494 posse.
898 3420 965 3479 Non
986 3419 1109 3478 male-5

99 3504 182 3567 dixit
201 3505 280 3579 regi,
304 3504 417 3565 nullum
439 3505 538 3565 emisit
553 3519 591 3563 na
612 3503 778 3564 calamitosi
798 3503 919 3578 quidem
939 3501 1076 3569 verbum,
