2438 3968
118 258 954 334 ADPOLYltlUltlDllCONSOLATIONE.10—1a.[er.]
976 258 1039 322 229

70 410 148 486 quit,
171 411 262 470 alium
282 408 313 468 in
334 417 469 469 extrema
487 417 644 470 senectute
665 412 820 485 fatigatum
835 413 895 472 iam
910 419 940 472 et
954 413 1039 472 exire

69 495 241 568 cupientem
263 493 315 552 vix
336 494 454 554 emittit:
478 496 537 556 alio
560 493 683 569 quidem
704 501 797 570 atque
816 497 875 555 alio
891 504 1037 571 tempore,

69 593 176 640 omnes
190 586 290 639 tamen
305 577 335 636 in
350 579 489 638 eumdem
505 578 605 639 locum
617 579 778 639 tendimus.
805 580 951 640 Utrumne
965 582 1037 641 stul·

70 663 129 723 tius
141 662 196 734 sit,
216 661 336 734 nescio,
353 662 541 723 mortalitatis
557 662 654 736 legem
666 663 822 737 ignorare,
838 680 877 724 an
888 663 1037 738 inpuden-

71 747 144 820 tins,
166 761 319 806 recusare.
355 746 496 820 Agedum
516 745 580 818 illa,
603 761 682 820 quae
702 747 794 805 multo
809 747 921 821 ingenii
935 748 978 807 tui
994 750 1065 807 la-5
1126 778 1133 787 ·

69 832 144 891 bore
159 830 311 890 celebrata
327 839 411 900 sunt,
435 829 464 888 in
480 844 587 889 manus
600 845 700 903 sume,
723 831 894 891 utriuslibet
905 831 1038 891 auctoris

70 913 218 988 carmina,
246 929 325 988 quae
345 920 379 974 tu
401 913 443 974 ita
461 914 633 989 resolvisti,
666 922 699 974 ut
724 916 864 989 quamvis
888 921 1039 976 structura

70 999 189 1060 illorum
202 998 379 1072 recesserit,
400 1005 574 1072 permaneat
589 1006 687 1058 tamen
704 998 810 1072 gratia.
835 999 881 1058 sic
896 999 975 1058 enim
989 999 1039 1058 illa

70 1100 110 1142 ex
125 1081 184 1141 alia
198 1082 302 1155 lingua
316 1081 345 1140 in
360 1081 450 1142 aliam
464 1081 657 1156 transtulisti,
671 1088 719 1155 ut,
735 1084 819 1158 quod
831 1081 1039 1143 difficillimum

71 1175 149 1240 erat,
173 1180 279 1225 omnes
291 1165 416 1226 virtutes
428 1166 457 1224 in
470 1165 598 1226 alienam
609 1173 638 1225 te
650 1165 818 1227 orationem
829 1174 953 1226 secutae
964 1167 1038 1227 sint:

70 1250 171 1310 nullus
192 1249 248 1309 erit
267 1249 297 1308 in
317 1249 376 1309 illis
400 1249 522 1324 scriptis
539 1249 628 1322 liber,
651 1250 704 1325 qui
720 1267 781 1310 non
798 1250 927 1324 plurima
940 1252 1038 1311 varie·

71 1334 139 1396 tatis
162 1333 313 1394 humanae
333 1334 578 1406 incertorumque
599 1349 725 1393 casuum
742 1343 773 1394 et
792 1335 982 1394 lacrimarum
1000 1350 1039 1393 ex

71 1418 130 1478 alia
157 1425 248 1492 atque
273 1418 332 1477 alia
350 1433 444 1478 causa
465 1417 621 1477 fluentium
646 1419 787 1493 exempla
811 1418 863 1479 tibi
886 1425 1038 1494 suggerat

70 1502 166 1576 Lege,
191 1507 305 1575 quanto
326 1502 434 1576 spiritu
446 1501 617 1576 ingentibus
633 1501 800 1562 intonueris
815 1502 923 1562 rebus:
946 1503 1067 1577 pudeo

71 1585 164 1646 bitte
186 1585 286 1646 subito
308 1585 441 1645 delicere
461 1590 491 1644 et
511 1601 549 1643 ex
572 1591 653 1644 tanta
674 1585 818 1646 orationis
833 1586 1039 1662 magnitudine

71 1666 256 1728 desciscere.
278 1684 318 1727 ne
332 1667 535 1743 commiseris,
550 1676 581 1729 ut
592 1669 733 1742 quisquis
746 1671 886 1744 exemplo
899 1685 935 1729 ac
947 1671 1038 1731 modo

71 1752 185 1827 scripta
200 1758 252 1812 tua
263 1751 430 1826 mirabitur,
452 1760 578 1827 quaerat
590 1753 816 1828 quomodotum
828 1754 955 1828 grandia
966 1761 1039 1814 tam-
1143 1801 1157 1824 „

72 1852 133 1912 que
146 1835 246 1896 solida
260 1843 321 1896 tam
336 1837 450 1910 fragilis
466 1836 584 1895 animus
601 1837 783 1912 conceperit.

133 1920 196 1980 Xll.
229 1919 362 1981 Potius
390 1922 435 1980 ab
464 1921 552 1980 istis
574 1927 624 1995 te,
652 1937 750 1996 quae
771 1929 968 1997 torquent,
994 1922 1066 1981 adl

72 2006 165 2064 haee
185 2011 290 2064 totet
309 2011 429 2078 tanta,
451 2020 548 2079 quae
563 2006 832 2078 consolantur,
855 2012 1039 2067 converte

73 2105 110 2148 ac
121 2088 241 2163 respice
249 2089 381 2164 optimos
393 2089 510 2160 tratres,
525 2089 647 2163 respice
654 2104 790 2163 uxorem,
805 2090 899 2150 filium
908 2089 1039 2163 respice.

73 2189 128 2248 pro
144 2173 276 2234 omnium
291 2173 399 2234 horum
413 2175 511 2233 salute
524 2172 583 2232 hac
592 2180 691 2233 tecum
703 2174 844 2248 portione
856 2175 977 2234 fortuna
987 2173 1039 2231 de·

73 2256 152 2317 cidit.
190 2257 303 2318 Multos
318 2258 429 2328 habes,
445 2258 475 2316 in
491 2256 602 2331 quibus
617 2258 817 2333 adquiescas=
840 2263 906 2331 [et]
930 2257 967 2315 ab
982 2255 1039 2315 bac

73 2350 102 2400 te
117 2341 240 2399 inlamia
255 2341 390 2413 vindica,
405 2356 443 2400 ne
458 2341 597 2400 videatur
611 2340 751 2401 omnibus
768 2341 836 2414 plus
851 2341 933 2416 apud
947 2348 976 2400 te
988 2355 1038 2398 va·

73 2427 136 2483 lere
158 2440 238 2484 unus
259 2425 348 2484 dolor
369 2440 460 2500 quam
479 2425 556 2484 baec
575 2433 635 2484 tam
661 2427 752 2485 multa
775 2426 892 2484 solatia.
936 2423 1067 2486 Omnist

73 2508 150 2568 istos
165 2523 226 2566 una
238 2515 338 2568 tecum
354 2511 514 2583 perculsos
527 2508 613 2568 vides
626 2525 683 2568 nee
696 2523 789 2583 posse
800 2509 853 2567 tibi
867 2507 1038 2580 subvenire,

73 2594 165 2652 immo
181 2590 271 2651 etiam
288 2594 365 2652 ultro
381 2598 576 2667 exspectare,
599 2598 632 2652 ut
645 2609 664 2652 a
679 2601 708 2653 te
722 2592 932 2664 subleventur,
954 2592 1038 2650 intel·

75 2675 161 2750 legis.
189 2682 220 2736 et
239 2674 309 2735 ideo
333 2683 446 2750 qttauto
465 2677 565 2736 minus
586 2677 616 2735 in
631 2677 689 2736 illis
704 2675 861 2736 doetrinae
878 2676 1040 2751 minusque

73 2758 186 2834 ingenii
201 2766 262 2832 est,
285 2765 367 2820 tanto
378 2760 475 2835 magis
487 2760 637 2821 obsistere
647 2769 677 2821 te
689 2775 819 2820 necesse
830 2768 877 2820 est
889 2758 1039 2820 communi

74 2845 163 2903 malo.
186 2850 347 2903 astantem
361 2844 420 2904 hoc
435 2845 536 2919 ipsum
550 2844 649 2904 solatii
665 2847 749 2916 loco,
772 2845 849 2903 inter
864 2845 973 2905 multos
986 2843 1039 2903 do-

74 2929 168 2987 lorem
190 2943 279 2988 suum
294 2926 445 2988 dividere:
474 2926 526 3001 qui
541 2926 612 3002 quia
627 2929 821 3003 dispensatur
835 2928 912 2987 inter
926 2930 1039 3002 plures,

74 3012 187 3086 exigua
203 3011 295 3071 debet
309 3010 393 3086 apud
407 3019 438 3071 te
455 3019 540 3086 parte
556 3012 725 3072 subsidere.
765 3011 843 3070 Non
865 3012 1069 3076 desinama

73 3095 220 3157 totiens
242 3095 311 3156 tibi
332 3095 478 3155 ollerre
494 3095 703 3156 Caesarem.
730 3096 781 3155 illo
794 3095 970 3155 moderante
982 3101 1040 3154 ter·

74 3195 125 3239 ras
148 3187 178 3240 et
202 3180 395 3249 ostendente,
426 3187 538 3253 quanto
562 3179 670 3239 melius
696 3178 854 3238 beneficiis
881 3177 1041 3253 imperium

74 3263 263 3324 custodiatur
275 3279 365 3339 quam
379 3263 486 3335 armis,
509 3264 559 3323 illo
571 3263 664 3323 rebus
674 3262 815 3323 humanis
827 3263 969 3338 praeside
979 3278 1040 3324 non

74 3355 123 3408 est
139 3348 320 3422 periculum,
342 3363 381 3407 ne
396 3345 469 3422 quid
485 3346 657 3422 perdidisse
671 3354 699 3406 te
714 3347 837 3407 sentius.
862 3347 892 3405 in
905 3346 964 3406 hoe
978 3363 1040 3407 uno

74 3431 128 3514 tibi
142 3432 216 3492 satis
232 3431 392 3506 praesidii,
412 3431 485 3491 satis
501 3431 599 3491 solatii
611 3439 671 3490 ast=
693 3430 806 3490 adtolle
817 3436 846 3491 te
857 3438 887 3493 et
899 3431 1041 3505 quotiens

75 3516 217 3578 lacrimae
229 3515 425 3579 suboriuntur
434 3515 530 3575 oeulis
543 3514 617 3580 tuis.
636 3514 745 3575 totiens
758 3514 826 3575 illos
839 3515 868 3574 in
881 3515 1041 3575 Caesarem
