2438 3968
182 219 244 282 130
376 219 409 276 L.
432 218 576 276 ANNAEI
599 216 775 276 SENECAE
795 217 896 276 batt.
913 217 965 276 Vl.

182 374 230 433 nis
244 389 322 433 usus
339 371 428 431 nobis
443 373 562 430 illorum
583 377 614 428 et
628 377 814 444 conspectus
829 376 954 444 ereptus
972 371 1031 430 stt:
1054 370 1161 445 opinio

181 465 230 518 est
250 472 333 531 ergo,
356 470 436 531 quae
455 471 513 514 nos
532 453 647 513 cruciat
667 461 698 512 et
718 453 792 512 tanti
813 454 958 528 qnodque
972 454 1084 514 nialum
1103 461 1159 526 est,

183 541 288 616 quanti
303 540 376 598 illud
391 536 573 599 taxavimus.
596 538 746 596 innostra
759 543 909 611 potestate
922 537 1091 599 remedium
1107 537 1159 597 ha-

181 625 307 684 bemus:
333 623 501 682 iudicemus
521 622 591 681 illos
610 620 722 681 abesse
737 629 768 680 et
787 628 908 680 nosmet
927 621 987 696 ipsi
1008 622 1160 681 fallamus.

148 708 352 770 admisimus
372 707 456 777 illos,
482 705 572 764 immo
595 706 787 764 consecuturi
808 706 1030 780 praemisimus.
1057 706 1162 765 Movet

183 799 213 850 et
226 791 301 851 illud
315 791 482 865 lugentem:
510 805 591 859 „non
608 787 664 848 erit
680 790 731 863 qui
746 804 795 848 me
811 789 963 861 defendat,
986 789 1038 863 qui
1053 806 1072 849 a
1088 805 1160 850 con-

184 882 298 950 temptu
319 873 479 932 vindicet.“
507 873 547 931 Ut
565 868 687 938 minime
703 871 866 946 probabili,
889 871 946 932 sed
959 888 1034 933 vero
1049 875 1161 934 solatio

183 966 259 1028 utar,
280 959 310 1016 in
326 957 446 1015 civitate
461 963 566 1016 nostra
580 957 649 1030 plus
663 956 778 1030 gratiae
794 955 908 1016 orbitas
930 958 1048 1017 confert
1069 975 1160 1032 quam

184 1043 280 1117 eripit,
293 1041 434 1114 adeoque
446 1046 632 1099 senectutem
644 1040 787 1114 solitudo,
801 1054 880 1114 quae
891 1040 1011 1100 solebat
1021 1041 1160 1102 destrue-

183 1142 231 1196 re,
247 1126 285 1183 ad
302 1123 465 1199 potentiam
481 1124 572 1196 ducit,
589 1131 622 1182 ut
637 1122 761 1197 quidam
776 1124 848 1183 odia
868 1123 999 1184 liliorum
1020 1125 1162 1185 simulent

149 1217 214 1274 {tet
227 1208 340 1268 liberos
361 1210 477 1268 citarent
490 1214 521 1266 et
544 1207 702 1266 orbitatem
721 1224 814 1266 manu
834 1207 955 1267 iaciant.
991 1207 1063 1268 Scio
1088 1210 1161 1284 quid

185 1293 289 1353 dicasz
310 1309 390 1366 „non
405 1299 528 1351 movent
542 1306 590 1349 me
606 1290 785 1351 detrimenta
799 1299 897 1350 mea.“
920 1291 1031 1352 etenim
1040 1309 1102 1354 non
1115 1300 1162 1352 est

184 1375 296 1451 dignus
309 1375 428 1448 solatio,
444 1374 497 1450 qui
512 1374 605 1433 filium
622 1374 680 1433 sibi
693 1375 869 1435 decessisse
883 1375 962 1435 sicut
976 1378 1160 1451 mancipium

184 1461 312 1521 moleste
324 1463 390 1528 lert,
407 1460 455 1518 cui
468 1459 633 1533 quicquam
644 1458 673 1516 in
687 1459 749 1518 filio
761 1460 915 1534 respicere
927 1466 1048 1533 praeter
1059 1461 1161 1535 ipsum

185 1552 287 1605 vacat:
307 1545 380 1619 quid
396 1543 485 1618 igitur
499 1552 537 1614 te,
560 1541 688 1613 Marcia,
710 1550 833 1603 movet?
853 1551 951 1603 utrum
974 1545 1057 1618 quod
1080 1545 1160 1604 lilius

183 1637 255 1688 tuus
271 1627 412 1698 decessit,
434 1644 472 1685 an
489 1627 572 1702 quod
594 1642 654 1685 non
676 1626 728 1686 diu
746 1626 842 1687 vixitl
863 1627 890 1686 si
913 1628 996 1702 quod
1018 1628 1160 1698 decessit,

153 1727 171 1780 4
184 1726 308 1785 semper
319 1711 449 1770 debuisti
462 1711 576 1770 dolere.
599 1725 722 1784 semper
733 1711 812 1770 enim
825 1711 909 1770 scisti
921 1711 1006 1770 mori.
1024 1711 1162 1786 Cogita

185 1794 544 1854 nullisdelunotum
560 1793 823 1866 malisadlici,
846 1794 896 1853 illa
918 1810 997 1868 quae
1011 1794 1102 1856 nobis
1118 1796 1160 1854 in·

185 1879 268 1938 leros
281 1877 394 1936 iaciunt
406 1877 564 1951 terribiles,
577 1877 707 1936 tabulam
720 1894 799 1949 esse,
813 1878 912 1938 nullas
925 1877 1071 1938 inminere
1082 1896 1160 1939 mor-

184 1960 245 2022 tuis
269 1961 411 2020 tenebras
432 1975 489 2020 nec
505 1973 666 2021 'carcerem
688 1978 744 2020 nec
765 1961 889 2021 flumina
906 1961 980 2037 ‘igne
1001 1961 1162 2036 flagrantia

185 2060 244 2105 nec
257 2043 420 2105 oblivionis
435 2058 554 2104 amnem
571 2060 626 2104 nec
644 2045 804 2104 tribunalia
819 2053 850 2105 et
863 2062 934 2106 reos
955 2052 983 2105 et
1004 2045 1034 2104 in
1055 2046 1107 2105 illa
1128 2047 1160 2104 li·

187 2128 301 2188 bertate
316 2136 376 2188 tam
392 2129 462 2188 laxa
472 2129 551 2188 ullos
566 2129 672 2188 iterum
684 2136 841 2206 tyrannos.
864 2131 1002 2189 luserunt
1015 2129 1075 2189 ista
1088 2145 1161 2204 poe·

155 2232 171 2286 5
186 2219 280 2275 tacet
295 2211 381 2272 vanis
397 2228 454 2272 nos
470 2213 624 2286 agitavere
641 2212 817 2274 terroribus.
841 2213 924 2273 Mors
941 2213 1082 2274 dolorum
1099 2230 1161 2273 orn-

185 2296 266 2357 nium
281 2296 433 2358 exsolutio
449 2303 497 2356 est
517 2304 546 2356 et
567 2296 645 2369 finis,
670 2299 748 2357 ultra
768 2289 859 2372 quem
879 2298 958 2357 mala
973 2304 1081 2358 nostra
1101 2314 1163 2357 oon

185 2387 305 2455 exeunt,
322 2397 400 2457 quae
413 2398 470 2441 nos
483 2381 511 2438 in
524 2381 603 2440 illam
616 2381 867 2455 tranquillitatem,
882 2381 912 2440 in
926 2398 986 2456 qua
997 2389 1163 2456 antequam

185 2481 381 2526 nasceremur
394 2464 552 2537 iacuimus,
574 2464 701 2539 reponit.
726 2465 758 2524 Si
773 2473 958 2527 mortuorum
975 2465 1086 2540 aliquis
1109 2466 1161 2524 mi-

185 2557 310 2623 seretur,
328 2556 359 2609 et
372 2566 433 2609 non
449 2555 588 2608 natorum
603 2547 789 2609 misereatur.
811 2549 893 2609 Mors
909 2564 965 2608 nec
980 2549 1093 2609 bonum
1106 2565 1164 2607 nec

186 2633 297 2693 malum
313 2641 368 2694 est.
400 2634 430 2692 id
453 2632 531 2695 enim
548 2638 650 2706 potest
671 2639 723 2691 aut
742 2633 856 2693 bonum
875 2639 927 2691 aut
947 2633 1058 2692 malum
1080 2649 1162 2701 csse,

188 2717 271 2791 quod
286 2718 400 2793 aliquid
416 2725 472 2776 est.
496 2718 581 2791 quod
597 2732 670 2775 vero
686 2715 787 2790 ipsum
802 2717 875 2776 nihil
891 2724 938 2776 est
957 2723 988 2775 et
1008 2717 1110 2777 omnia
1133 2717 1163 2774 in

187 2799 311 2859 nihilum
325 2800 443 2876 redigit,
465 2802 537 2860 nulli
552 2816 609 2860 nos
626 2801 762 2860 tonunaa
778 2799 878 2861 tradit.
906 2801 986 2860 mala
1005 2800 1087 2860 enim
1107 2799 1163 2860 bo-

187 2900 288 2958 naque
305 2883 384 2944 eirca
405 2885 537 2959 aliquam
555 2894 714 2944 versantur
729 2885 893 2944 materiam.
922 2900 983 2944 non
1007 2891 1110 2958 potest
1132 2882 1164 2942 id

188 2968 307 3027 lortuna
321 2975 433 3042 tenere,
450 2969 533 3043 quod
545 2976 652 3028 natura
667 2966 787 3042 dimisit,
803 2984 860 3027 nec
871 2975 973 3043 potest
986 2965 1079 3027 miser
1091 2982 1164 3026 esse

158 3053 240 3126 oqui
261 3054 362 3112 nullus
381 3059 436 3114 est.
464 3051 607 3111 Excessit
627 3051 706 3110 filius
721 3060 791 3112 tuus
806 3054 960 3122 terminos
982 3051 1060 3111 intra
1079 3066 1164 3126 quos

167 3138 325 3209 ,servitur
357 3137 479 3212 excepit
494 3138 575 3195 illum
591 3151 700 3209 magna
714 3145 743 3196 et
763 3142 887 3196 aeterna
903 3153 972 3212 pax.
1009 3151 1070 3194 non
1087 3151 1163 3210 pau-

90 3255 92 3258 ·
189 3220 313 3293 perlatis
328 3227 419 3293 metu,
436 3237 494 3281 non
511 3219 681 3279 divitiarum
702 3236 784 3293 cura,
804 3237 864 3280 oon
879 3220 1011 3280 libidinis
1032 3235 1089 3294 per
1108 3235 1163 3278 vo-

188 3303 332 3376 luptatem
348 3301 465 3366 animos
485 3305 638 3378 carpentis
660 3304 789 3364 stimulis
811 3304 982 3374 incessitur,
1004 3318 1065 3363 non
1086 3302 1161 3360 invi-

189 3385 238 3447 dia
254 3386 401 3447 felicitatis
416 3390 533 3448 alienae
551 3388 689 3461 tangitur,
705 3405 765 3449 non
778 3405 853 3449 suae
869 3389 1020 3464 promitur,
1035 3403 1075 3446 ne
1090 3401 1165 3446 con-

187 3469 275 3532 viciis
296 3471 416 3545 quidem
436 3473 504 3531 nllis
520 3473 711 3531 verecundae
726 3489 816 3531 aures
841 3472 1045 3534 verberantur.
1081 3473 1162 3531 nullu
