2438 3968
183 249 245 312 162
372 248 406 308 L.
427 249 573 308 ΑΝΝΑΕΙ.
594 247 769 310 SENECAE
793 250 895 310 DlAL.
910 250 975 310 Vll.

185 401 324 461 iniuriam
339 399 453 460 facitis:
475 400 532 458 sed
545 414 584 459 ne
598 400 646 460 dis
662 400 782 476 quidem
798 401 829 461 hi
852 401 903 478 qui
923 417 992 462 aras
1013 410 1165 464 evertunt.

186 486 242 547 sed
254 485 366 544 malum
378 483 570 559 propositum
582 485 709 558 adparet
720 486 893 559 malumque
900 485 1062 547 consilium
1074 488 1165 547 etiam

151 569 240 642 sibi,
266 566 317 629 ubi
340 582 451 628 nocere
470 582 532 627 non
553 569 659 641 potuit.
698 566 750 628 Sic
772 577 889 630 vestras
910 568 1165 632 hallucinationes

185 654 250 713 lero
279 652 535 727 quemadmodum
554 651 668 726 Iupiter
693 653 825 726 optimus
852 655 1001 714 maximus
1031 639 1164 729 ineptias

186 743 352 813 poetarum,
377 752 505 810 quorum
526 735 602 794 alius
624 735 664 795 illi
686 737 751 796 alas
771 736 915 813 inposuit,
936 737 1015 799 alius
1038 754 1165 812 cornua,

185 822 263 880 alius
277 820 448 880 adulterum
464 819 545 878 illum
567 818 686 880 induxit
706 825 736 879 et
749 819 972 896 abnoctantem,
992 822 1073 884 alius
1095 839 1164 883 sae-

183 921 255 965 vum
270 906 299 964 in
322 904 407 975 deos,
430 900 507 962 alius
528 900 665 977 iniquum
686 903 716 962 in
736 903 886 980 homines,
906 906 983 966 alius
1005 913 1164 981 raptonrm

185 992 386 1065 ingenuorum
397 994 606 1061 corruptorem
614 994 644 1046 et
651 994 846 1062 cognatorum
861 989 993 1064 quidem,
1006 990 1086 1052 alius
1095 1008 1163 1065 par-

184 1073 311 1133 ricidam
326 1079 356 1131 et
369 1070 455 1145 regni
470 1071 559 1129 alieni
575 1071 754 1147 paternique
769 1080 1020 1147 expugnatorem.
1050 1075 1163 1149 quibus

185 1157 259 1217 nihil
273 1156 355 1216 aliud
369 1161 469 1214 actum
484 1161 539 1228 est,
556 1170 646 1229 quam
665 1163 698 1215 ut
712 1155 811 1230 pudor
824 1156 996 1217 hominibus
1014 1159 1164 1232 peccandi

153 1243 170 1298 7
186 1243 365 1311 demeretur,
381 1239 408 1298 si
419 1240 495 1299 tales
511 1239 588 1298 deos
600 1238 812 1300 credidissent.
829 1239 891 1301 Sed
903 1257 1089 1316 quamquam
1104 1242 1164 1302 ista

186 1340 234 1384 me
249 1323 321 1383 nihil
336 1323 466 1394 laedant,
488 1328 591 1381 vestra
611 1338 669 1381 vos
684 1339 793 1383 moneo
810 1339 918 1383 causa:
939 1324 1089 1399 suspicite
1104 1326 1163 1385 vir·

185 1415 287 1469 tutem.
311 1407 424 1467 credite
439 1405 485 1477 iis,
506 1407 558 1481 qui
572 1405 653 1466 illam
666 1407 717 1466 diu
732 1407 830 1468 secuti
850 1424 992 1483 magnum
1015 1409 1162 1484 quiddam

186 1495 272 1569 ipsos
290 1500 320 1552 et
334 1492 419 1567 quod
433 1492 464 1550 in
485 1491 552 1551 dies
567 1489 665 1549 maius
685 1492 840 1565 adpareat,
863 1491 951 1567 sequi
973 1494 1111 1567 clamant,
1134 1502 1164 1554 et

185 1577 285 1652 ipsam
299 1582 333 1636 ut
353 1576 439 1648 deos,
455 1582 486 1635 et
501 1575 693 1649 professores
709 1573 775 1634 eius
791 1582 824 1635 ut
839 1575 987 1637 antistites
1004 1578 1104 1637 colite.
1134 1585 1164 1638 et

187 1661 328 1735 quotiens
343 1660 454 1719 mentio
476 1674 566 1720 sacra
581 1659 755 1738 [literarum]
770 1659 971 1732 intervenerit,
987 1661 1089 1721 lavete
1109 1661 1163 1720 lin·

105 1750 108 1755 '
186 1744 264 1818 guis.
288 1743 346 1803 hoc
367 1742 493 1802 verbum
513 1760 583 1815 non,
599 1749 634 1801 ut
654 1743 792 1818 plerique
814 1744 994 1818 existimant,
1016 1761 1035 1804 a
1057 1746 1165 1805 lavore

186 1826 321 1900 trahitur,
338 1827 393 1886 sed
408 1827 573 1900 imperatur
587 1825 746 1898 silentium,
762 1832 794 1886 ut
808 1825 864 1887 rite
880 1826 982 1903 peragi
1000 1829 1100 1902 possit
1114 1845 1164 1889 sa-

188 1926 271 1971 crum
288 1910 369 1969 nulla
385 1925 461 1970 voce
473 1911 551 1968 mala
566 1908 770 1986 obstrepente.
793 1912 876 1984 quod
891 1913 1095 1987 multomagis
1110 1929 1163 1973 ne-

189 1993 355 2055 cessarium
370 2001 418 2053 est
431 1993 572 2066 imperari
586 1993 684 2065 vobis,
706 2002 738 2055 ut
758 1996 898 2069 quotiens
920 1996 1034 2071 aliquid
1057 2012 1096 2055 ex
1112 1997 1165 2056 illo

188 2079 360 2155 proieretur
383 2078 521 2147 oraculo,
550 2077 654 2137 intenti
681 2085 710 2138 et
731 2094 900 2153 conpressa
922 2095 998 2142 voce
1020 2079 1164 2140 audiatis.

155 2169 173 2223 8
188 2163 261 2224 Cum
277 2161 398 2221 sistrum
414 2160 524 2236 aliquis
540 2161 716 2221 concutiens
732 2179 771 2222 ex
785 2163 912 2237 imperio
928 2164 1077 2235 mentitur,
1095 2180 1166 2224 cum

188 2246 299 2322 aliquis
314 2246 440 2306 secandi
455 2247 584 2305 lacertos
600 2261 674 2306 suos
691 2247 798 2305 artilex
812 2247 936 2307 brachia
951 2257 1043 2323 atque
1059 2248 1164 2308 hume-

187 2348 240 2393 ros
255 2346 408 2406 suspensa
423 2346 513 2389 manu
528 2336 673 2403 cruentat,
698 2346 764 2390 cum
780 2329 890 2405 aliquis
904 2331 1033 2406 genibus
1049 2347 1106 2407 per
1120 2331 1166 2391 m'-

188 2432 236 2476 am
251 2430 363 2490 repens
377 2415 472 2473 ululat
485 2416 664 2488 laurumque
685 2414 824 2474 linteatus
842 2430 939 2474 senex
953 2422 983 2474 et
1001 2416 1103 2475 medio
1120 2417 1164 2475 lu·

190 2515 311 2560 cernam
327 2497 376 2558 die
392 2499 567 2573 praeterens
583 2500 751 2559 conclamat
763 2498 870 2558 iratum
882 2499 1012 2574 aliquem
1025 2500 1164 2571 deorum,

190 2582 369 2645 concurritis
390 2590 419 2642 et
436 2582 545 2643 auditis
561 2589 590 2641 et
610 2582 743 2641 divinum
765 2598 835 2642 esse
851 2598 927 2655 eum,
947 2583 1077 2643 invicem
1099 2600 1165 2644 mu-

189 2675 272 2727 tuum
291 2669 407 2725 alentes
421 2674 586 2740 stuporem,
603 2665 778 2724 adfirmatis.

162 2763 177 2814 1
270 2749 391 2808 XXVll.
414 2749 492 2808 Ecce
505 2749 645 2808 Socrates
656 2763 694 2807 ex
710 2750 759 2807 illo
773 2765 904 2821 carcere,
921 2765 1011 2825 quem
1023 2749 1166 2809 intrando

190 2834 330 2908 purgavit
345 2834 487 2908 omnique
501 2833 705 2892 honestiorem
721 2835 803 2892 curio
817 2832 957 2906 reddidit,
980 2834 1164 2908 proclamat=

189 2963 234 2992 „„
243 2917 316 2991 Quis
337 2916 393 2976 iste
413 2917 518 2976 iurort
545 2932 624 2991 quae
638 2917 697 2976 ista
718 2917 838 2976 inimica
859 2916 906 2976 dis
928 2916 1166 2992 hominibusque

190 3009 297 3061 natura
311 3006 359 3060 est
372 2999 518 3059 infamare
532 2999 658 3060 virtutes
674 3008 704 3060 et
718 3001 856 3075 malignis
878 3000 1072 3063 sermonibus
1094 3018 1164 3063 san-

191 3092 238 3145 cta
254 3085 389 3145 violaret
407 3085 433 3144 si
450 3085 586 3158 potestis
601 3084 701 3144 bonos
714 3085 846 3144 laudate:
865 3083 1012 3159 siminus,
1026 3085 1165 3146 transite.

191 3170 273 3244 quod
296 3169 322 3229 si
338 3167 426 3228 vobis
442 3183 586 3227 exercere
606 3175 709 3228 tetram
726 3169 813 3229 istam
829 3169 976 3229 licentiam
992 3169 1102 3243 placet,
1123 3170 1165 3228 al·

189 3259 237 3313 ter
251 3252 280 3311 in
295 3253 420 3313 alterum
443 3252 626 3312 incursitnte.
656 3269 723 3312 nam
741 3269 808 3312 cum
831 3252 859 3311 in
875 3256 991 3313 coelum
1015 3252 1166 3326 insanitis,

159 3345 251 3397 anon
267 3333 336 3395 dico
352 3336 540 3411 sacrilegium
558 3336 663 3407 iacitiS,
686 3338 742 3397 sed
758 3353 882 3411 operam
903 3336 1037 3412 perditis.
1074 3337 1165 3396 Prae·

189 3417 243 3480 bui
263 3433 320 3493 ego
344 3417 510 3494 aliquando
526 3421 722 3496 Aristophani
743 3421 896 3480 materiam
919 3421 1065 3483 iocorum.
1102 3430 1166 3481 tota

191 3504 241 3564 illa
262 3502 447 3563 comicorum
467 3513 624 3576 poetarum
645 3520 752 3563 manus
773 3504 801 3563 in
824 3519 872 3563 me
892 3512 1060 3565 venenatos
1083 3506 1166 3564 salos
