2438 3968
127 216 169 279 oa
413 217 447 275 r.
469 169 616 275 nnnnur
640 214 815 275 sunnone

129 367 213 442 quod
231 382 293 427 oon
315 365 448 425 harrana
466 381 553 426 mens
575 367 675 426 vincat
688 375 721 426 et
738 367 768 425 in
786 365 1026 430 familiaritatem
1046 382 1115 446 per·

128 451 220 511 ducat
234 450 363 510 adsidua
376 449 546 524 meditatio,
566 450 701 525 nullique
715 455 786 510 suut
803 457 866 510 iam
883 451 941 512 leri
957 460 992 514 et
1003 453 1059 514 sui
1071 453 1115 514 ia·

100 535 169 593 lris
184 534 332 607 adlectus,
347 542 450 594 utnon
464 534 624 608 disciplina
636 534 860 607 perdomemur.
883 534 1116 614 Quodcumque

129 617 187 677 sibi
200 617 360 692 imperavit
375 619 492 677 animus
508 618 649 678 obtinuit:
675 618 799 692 quidam
812 634 852 676 ne
864 635 1017 694 umquam
1031 620 1115 682 ride

128 708 196 761 rent
212 702 367 762 consecuti
385 710 468 761 sunl.
509 703 579 761 vino
600 701 739 777 quidam,
761 701 814 762 alii
827 703 968 779 Venere,
983 704 1114 780 quidem

130 786 211 845 omni
236 786 365 846 humore
393 785 577 845 interdixere
601 785 793 860 corporibus.
836 785 915 846 alius
942 795 1114 850 contentus

129 870 215 929 brevi
238 886 347 929 somno
366 867 500 942 vigiliam
525 869 779 944 indefatigabilem
803 869 965 931 extendit.-
994 872 1114 933 didiae

129 962 199 1013 mot
212 952 398 1012 tenuissimis
419 961 449 1012 et
466 953 607 1013 adversis
629 953 751 1013 mnibus
773 968 896 1014 numere
917 959 950 1014 et
975 954 1114 1031 ingentia

130 1038 243 1110 vixque
256 1036 395 1095 humanis
408 1037 569 1097 toleranda
583 1037 698 1096 viribus
719 1053 813 1097 onera
829 1044 952 1112 portare
968 1047 1001 1100 et
1021 1039 1056 1098 in
1071 1039 1115 1100 in-

130 1136 267 1179 mensam
289 1119 475 1179 altitudinem
494 1123 589 1195 mergi
609 1137 645 1180 ac
665 1122 732 1180 sine
757 1121 818 1180 ulla
841 1122 1020 1196 respirandi
1046 1122 1114 1183 vice

104 1211 120 1261 a
132 1203 249 1278 perpeti
260 1203 369 1262 maria:
384 1204 463 1263 mille
474 1213 545 1266 sunt
555 1205 623 1279 alia,
637 1205 667 1263 in
683 1204 794 1279 quibus
808 1206 977 1280 pertinacia
991 1205 1112 1282 inpedi-

132 1293 263 1346 mentum
279 1303 367 1346 omne
380 1289 585 1348 transscendit
599 1289 792 1362 ostenditque
806 1289 881 1348 nihil
894 1304 968 1349 csse
984 1290 1113 1351 difficile

132 1370 219 1431 cuius
242 1371 301 1431 sibi
326 1373 395 1447 ipsa
419 1387 505 1431 ruens
529 1373 702 1447 patientiam
727 1373 882 1433 indiceret.
929 1373 1002 1434 Istis
1031 1388 1111 1449 quos

132 1458 223 1529 paulo
239 1462 307 1514 ante
321 1456 418 1527 retuli,
433 1463 486 1516 aut
502 1458 659 1516 uallatam
675 1455 837 1531 pertinacis
857 1457 950 1516 studii
968 1464 1028 1517 aut
1049 1474 1109 1517 non
1156 1498 1158 1525 ,

133 1539 224 1615 digna
246 1555 365 1600 merces
390 1540 454 1600 fuit.
498 1540 571 1616 quid
595 1540 675 1598 enim
695 1541 887 1614 magnificum
909 1543 1114 1618 consequitur
1156 1568 1158 1631 ἰ

133 1623 182 1681 ille
197 1624 248 1698 qui
268 1624 429 1683 meditatos
444 1631 493 1684 est
506 1639 562 1699 per
577 1624 708 1684 intentos
724 1625 811 1683 iunes
825 1625 891 1683 iret
905 1624 958 1699 qui
968 1626 1113 1687 sarcinae
1156 1654 1158 1685 ι

133 1706 245 1780 ingenti
260 1708 396 1767 cervices
419 1714 617 1782 supponeret
648 1709 700 1782 qui
720 1723 828 1767 somno
849 1724 911 1768 non
932 1709 1113 1770 submittere

135 1790 264 1848 oculose
290 1792 342 1864 qui
357 1799 517 1864 penetrare
531 1790 667 1850 inimum
681 1799 784 1852 maret
802 1798 946 1852 ettamen
962 1792 1004 1852 ad
1019 1792 1113 1853 onan
1156 1838 1158 1843 -

106 1869 236 1947 toperis
252 1889 311 1932 non
327 1889 436 1947 magno
451 1881 678 1935 auctoramento
694 1876 780 1936 labor
794 1875 939 1950 pervenit.
970 1875 1040 1937 Nos
1050 1894 1112 1938 non

135 1956 353 2016 advocabimus
374 1958 562 2031 patientiam,
586 1974 665 2032 quos
686 1965 798 2018 tantum
815 1959 983 2034 praemium
997 1974 1113 2037 exspe

135 2047 209 2112 ctat,
231 2039 327 2098 ielicis
343 2040 433 2099 animi
447 2041 559 2101 inmota
574 2043 795 2117 tranquillitas?
827 2043 978 2117 Quantum
997 2051 1052 2105 est
1071 2045 1113 2104 el·

135 2125 239 2197 lugere
253 2124 417 2184 maximum
432 2125 542 2184 malum
557 2126 630 2185 iram
650 2134 681 2186 et
699 2141 767 2186 cum
787 2127 838 2186 illa
858 2127 988 2201 rabiem,
1010 2130 1114 2188 saevi·

135 2207 214 2278 tiam,
233 2207 451 2282 crudelitatem,
466 2210 608 2284 furorem,
624 2210 701 2270 alios
716 2211 842 2270 comites
853 2209 944 2271 eiust

108 2288 123 2340 l
197 2292 274 2350 Xlll.
305 2293 454 2353 Adfectus
469 2293 535 2354 eius
551 2311 612 2355 non
632 2302 681 2355 est
700 2295 785 2368 quod
799 2293 1004 2368 patrocinium
1020 2296 1114 2357 nobis

137 2392 318 2452 quaeramus
334 2384 363 2436 et
378 2385 553 2438 excusatam
569 2379 733 2452 licentiam,
754 2378 890 2438 dicentes
914 2384 966 2437 aut
986 2379 1065 2438 utile
1084 2379 1114 2440 id

136 2475 206 2520 esse
220 2469 272 2520 aut
286 2460 471 2521 inevitabile:
495 2463 542 2522 eui
555 2463 637 2520 enim
652 2462 772 2521 tandem
785 2462 856 2521 vilio
874 2462 1049 2522 advocatus
1063 2464 1115 2524 de

137 2543 210 2603 luit?
243 2553 366 2605 nonest
384 2547 468 2619 quod
483 2546 568 2606 dicas
589 2546 688 2605 excidi
703 2561 764 2605 non
781 2561 890 2619 posse:
919 2545 1115 2608 sanabilibus

136 2636 328 2702 aegrotamus
344 2627 430 2689 malis
444 2630 573 2704 ipsaque
588 2645 645 2689 nos
666 2629 695 2688 in
717 2635 832 2688 rectum
851 2629 971 2704 genitos
993 2638 1116 2703 natura,

137 2711 331 2772 donandam
346 2713 483 2787 velimus,
499 2715 591 2773 iuvat.
624 2729 688 2786 nec,
705 2720 737 2772 ut
749 2712 930 2787 quibusdam
940 2713 1045 2773 visum
1056 2722 1115 2789 est,

137 2795 263 2854 arduum
285 2796 315 2854 in
335 2795 461 2856 virtutes
475 2807 506 2858 et
520 2813 662 2872 asperum
676 2798 732 2856 iter
748 2802 809 2855 cst:
835 2797 927 2871 plano
948 2795 1115 2859 adeuntur.

108 2877 202 2938 allon
216 2894 313 2939 vanae
327 2881 416 2940 vobis
430 2888 536 2941 auctor
555 2881 599 2940 rei
613 2881 712 2941 venio.
742 2879 841 2940 lacilis
862 2886 910 2940 est
929 2879 969 2940 ad
989 2879 1116 2942 beatam

135 2963 228 3022 vitam
242 2963 306 3023 via:
333 2963 404 3025 inite
424 2966 516 3024 modo
536 2966 625 3025 bonis
646 2964 792 3039 auspiciis
808 2965 947 3039 ipsisque
966 2963 1016 3023 dis
1029 2965 1117 3027 bene

136 3046 317 3107 iuvantibus.
347 3050 441 3109 multo
464 3049 615 3109 difficilius
638 3056 685 3108 est
705 3049 806 3108 lacere
827 3047 884 3106 ista
906 3062 984 3122 quae
999 3047 1117 3111 iaeilIs.

138 3129 212 3204 Quid
228 3139 276 3192 est
288 3132 379 3192 animi
396 3134 496 3207 quiete
509 3135 649 3205 otiosius,
663 3132 738 3206 quid
752 3135 796 3190 ira
810 3132 1016 3192 laboriosiust
1035 3133 1117 3208 qnid

138 3215 297 3275 clementia
310 3215 478 3289 remissius,
498 3219 571 3292 quid
585 3217 760 3275 crudelitate
774 3214 986 3289 negotiosiusl
1020 3224 1117 3278 vacet

137 3298 290 3373 pudicitia,
305 3299 399 3360 libido
414 3300 651 3376 occupatissima
664 3306 720 3359 cst.
753 3299 884 3358 omnium
899 3297 1034 3373 denique
1050 3301 1115 3360 vir

109 3388 231 3446 elutum
250 3385 344 3444 tutela
365 3385 461 3446 facilis
483 3392 545 3458 est,
562 3384 634 3443 vitia
647 3397 756 3458 magno
769 3383 916 3443 coluntur.
950 3382 1053 3444 Debet
1067 3385 1116 3445 ira

136 3468 295 3526 removeri.
326 3468 386 3529 hoe
410 3484 449 3528 ex
475 3475 559 3542 parte
585 3469 715 3527 latentur
732 3467 821 3526 etiam
844 3467 895 3541 qui
915 3465 1021 3526 dicunt
1037 3482 1116 3528 esse
