2438 3968
188 187 258 301 148¹
355 230 387 289 n.
409 228 554 289 anunm
577 229 751 289 suuucuu
775 229 876 289 uras.
896 230 962 290 vu.

186 383 268 444 tibus
285 381 396 441 minist
418 380 572 456 quomodo
587 387 787 456 conspectum
798 380 912 454 mortis,
934 376 1093 456 qdomodo
1107 383 1162 443 do-

187 467 262 528 loris
277 467 372 526 ieret?
396 465 548 539 quomodo
563 465 666 525 mundi
676 465 813 539 fragores
825 471 856 524 et
868 471 983 526 lantum
998 464 1161 529 acerrimo·

187 567 254 610 rnm
267 548 430 610 hostiumn
444 556 503 608 tarn
515 547 597 610 molli
611 547 788 608 adversario
804 548 926 608 victusl
947 546 1097 624 quiequid
1109 567 1161 610 vo-

188 637 289 710 luptas
304 632 434 694 suaserit
444 632 542 691 faciet.
564 646 630 707 age,
648 647 709 691 non
720 631 809 691 vides
824 647 916 707 quam
926 633 1022 693 multa
1032 649 1162 695 suasura

155 719 247 780 usit?
269 717 375 792 „Nihil
392 716 496 791 inquit,
513 716 622 791 poterit
635 715 762 790 turpiter
774 715 913 789 suadere,
931 714 1004 790 quia
1019 716 1162 778 adiuncta

187 801 288 863 virtuti
302 806 378 861 est.“
405 801 471 860 Non
485 800 570 860 vides
584 799 700 874 iterum,
717 801 807 874 quale
819 799 858 860 sit
872 815 1023 861 summum
1036 801 1160 874 bonum,

189 885 237 946 cui
253 885 381 945 custode
398 900 477 958 opus
501 889 555 957 est,
577 891 610 943 ut
629 883 742 943 bonum
765 883 824 943 sita
843 882 941 944 virtus
960 890 1064 945 autem
1086 903 1160 962 qno-

188 970 279 1029 modo
303 969 488 1043 voluptatem
511 974 602 1042 reget,
627 983 717 1041 quam
739 965 885 1042 sequitur,
907 981 976 1028 eum
997 967 1089 1044 sequi
1107 987 1161 1046 pa,

187 1054 281 1113 rentis
298 1051 345 1124 sit,
367 1067 474 1126 regere
495 1051 693 1127 imperantis?
714 1057 833 1126 atergo
848 1050 938 1126 ponis
961 1053 1046 1126 quod
1065 1053 1160 1130 impe·

188 1144 255 1197 rot‘l
276 1134 429 1210 egregium
445 1144 545 1195 autern
559 1133 650 1193 habet
661 1135 755 1195 virtus
770 1135 853 1209 apud
875 1152 932 1196 vos
949 1135 1087 1197 officium
1106 1154 1160 1198 vo·

157 1224 321 1296 aloptates
335 1226 543 1295 praegustare.
566 1219 627 1279 Sed
643 1218 822 1292 videbimus,
842 1234 880 1278 an
894 1219 978 1296 apud
998 1236 1079 1295 quos
1101 1228 1162 1282 tam

190 1305 407 1366 contumeliose
430 1308 555 1364 tractata
573 1302 666 1362 virtus
687 1309 748 1376 est,
768 1301 869 1371 adhuc
888 1303 984 1364 virtus
1006 1304 1056 1378 sit,
1083 1321 1161 1381 quae

188 1390 301 1450 hahere
315 1404 426 1449 nomen
443 1404 529 1448 suum
553 1402 612 1447 non
629 1393 737 1462 potest,
761 1386 788 1446 si
809 1388 879 1448 loco
900 1386 1012 1448 cassita
1033 1387 1161 1460 interim,

190 1475 228 1534 de
250 1489 310 1550 quo
331 1472 443 1547 agitur,
464 1473 574 1532 multos
594 1471 752 1541 ostendam
773 1471 980 1546 voluptatibus
999 1471 1159 1543 obsessos,

188 1557 219 1617 in
234 1573 313 1634 quos
328 1558 448 1618 fortuna
463 1555 563 1618 omnia
580 1570 706 1615 munera
726 1571 783 1614 sua
798 1553 913 1627 effudit,
938 1569 1017 1631 quos
1038 1557 1160 1617 fatearis

158 1643 320 1702 anecesse
335 1648 382 1701 est
392 1641 507 1701 malos:
531 1639 658 1715 adspice
668 1638 887 1698 Nomentanum
899 1637 1087 1715 etApicium,
1103 1647 1161 1701 ter-

190 1741 289 1785 rarum
305 1739 341 1783 ac
355 1723 456 1798 maris,
478 1730 510 1783 ut
525 1725 572 1784 isti
587 1730 705 1796 vocant,
725 1722 807 1782 bona
828 1722 1035 1798 conquirentis
1057 1732 1088 1785 ει
1111 1741 1161 1787 su·

191 1823 246 1882 per
270 1823 406 1867 mensam
432 1808 681 1882 recognoscentis
701 1807 832 1867 omnium
852 1808 985 1882 gentium
1010 1809 1160 1871 animalia.

190 1890 261 1950 vide
280 1890 337 1950 hos
360 1891 485 1950 eosdem
509 1905 526 1949 e
546 1891 760 1951 successuro*
783 1890 988 1966 exspectantis
1016 1893 1160 1969 popinam

191 1989 286 2047 suam,
303 1986 393 2032 aures
414 1989 523 2033 vocum
541 1989 633 2046 sono,
655 1973 838 2049 spectaculis
860 1977 974 2049 oculos,
997 1977 1161 2052 saporibus

191 2059 323 2133 palatum
339 2073 428 2116 suum
445 2056 652 2118 delectantes.¹
664 2057 805 2118 mollibus
820 2057 1001 2134 lenibusque
1018 2061 1161 2124 lomentis

189 2150 284 2203 totum
300 2140 459 2200 lacessitur
474 2156 578 2201 eorum
601 2156 714 2215 corpus
730 2150 759 2201 ει
779 2157 817 2201 ηε
839 2158 930 2203 nares
952 2143 1074 2207 interim
1094 2161 1159 2206 ces·

190 2233 265 2299 sent
283 2224 429 2286 odoribus
445 2225 537 2285 variis
554 2224 684 2286 inficitur
698 2227 784 2286 locus
798 2225 875 2301 ipse,
898 2226 929 2286 in
946 2242 1006 2301 quo
1024 2228 1162 2289 luxuriae

189 2316 377 2386 parentatum
392 2309 452 2369 hoc
469 2325 540 2370 esse
554 2310 584 2369 in
597 2309 805 2384 voluptatibus
822 2310 916 2370 dices.
940 2327 997 2371 nco
1013 2317 1115 2372 tamen
1127 2313 1161 2371 il-

190 2395 227 2455 lis
241 2394 320 2454 bene
334 2392 398 2466 erit,
415 2391 560 2468 quianon
577 2393 658 2454 hono
674 2393 814 2469 gaudent.

159 2482 173 2535 1
251 2479 314 2538 XII.
337 2477 444 2551 „Male
467 2476 573 2552 inquit,
589 2477 648 2538 illis
667 2476 731 2550 erit,
755 2477 826 2552 quia
842 2478 934 2538 multa
947 2477 1161 2551 interveniunt,

192 2578 271 2637 quae
286 2561 461 2636 perturbent
477 2562 616 2635 animum,
634 2570 663 2622 ει
678 2559 838 2636 opiniones
853 2564 930 2622 inter
945 2577 980 2621 se
991 2564 1161 2624 contrariae

190 2654 318 2706 mentem
333 2644 572 2720 inquietabunt.“
593 2645 675 2720 quod
688 2644 728 2704 ita
740 2661 810 2705 esse
822 2646 969 2706 concedo.
986 2647 1043 2706 sed
1053 2646 1161 2707 nihilo-

190 2729 290 2789 minus
312 2730 352 2788 ilii
373 2728 432 2804 ipsi
454 2730 534 2789 stulti
556 2736 585 2789 et
599 2730 775 2804 inaequales
799 2737 827 2790 et
848 2730 905 2790 sub
927 2730 988 2791 ictu
1003 2730 1161 2806 poeniten·

190 2813 250 2872 tiae
267 2812 356 2887 posili
371 2829 496 2887 magnas
518 2812 686 2888 percipient
700 2815 882 2889 voluptates,
904 2821 938 2873 ut
952 2815 1108 2875 latendum
1124 2815 1163 2876 sit

190 2903 252 2958 tarn
266 2897 427 2971 longatum
444 2898 512 2957 illos
524 2897 562 2955 ab
578 2898 658 2956 omni
673 2897 810 2958 molestia
822 2896 932 2958 abesse
948 2914 1038 2973 quam
1050 2897 1162 2960 abono

191 2988 298 3052 mente,
316 2988 346 3039 et
360 2981 443 3056 quod
460 2980 614 3055 plerisque
630 2981 784 3056 contingit,
805 2981 930 3041 hilarem
946 2981 1095 3042 insaniam
1117 2983 1160 3042 in-

160 3073 176 3124 a
191 3064 292 3124 sanire
307 3080 343 3124 ac
358 3080 413 3139 per
427 3063 519 3123 risum
537 3064 645 3124 furere.
677 3066 717 3124 Αι
731 3072 836 3125 contra
850 3066 1032 3140 sapientium
1054 3069 1160 3128 remis

191 3163 245 3209 sae
259 3151 431 3222 voluptates
446 3155 476 3207 et
489 3148 647 3209 modestae
662 3164 699 3209 ac
715 3165 812 3224 paene
826 3150 989 3224 languidae
1002 3158 1073 3212 sunt
1088 3167 1160 3212 con·

192 3246 380 3305 pressaeque
395 3238 425 3291 et
437 3229 489 3290 vix
505 3230 662 3306 notabiles,
678 3241 709 3293 ut
720 3248 799 3308 quae
814 3249 915 3309 neque
926 3235 1095 3295 accersitae
1111 3251 1161 3294 νε

191 3314 275 3373 uiant
288 3330 353 3387 nec,
371 3314 509 3389 quamvis
525 3332 579 3390 per
594 3333 628 3376 se
640 3317 833 3390 accesserint,
856 3317 885 3377 in
900 3317 1017 3378 honore
1032 3318 1161 3379 sintne

194 3412 253 3472 que
275 3397 336 3456 ullo
358 3397 469 3471 gaudio
493 3400 721 3474 percipientium
744 3413 901 3476 exceptae.
931 3401 1160 3463 miscentenim

191 3481 258 3541 illas
275 3487 304 3540 et
320 3481 513 3555 interponunt
527 3483 607 3543 vitae
623 3490 653 3544 ut
675 3484 777 3544 ludum
792 3484 955 3560 iocumque
975 3486 1053 3546 inter
1071 3487 1159 3546 seria.
