2438 3968
259 247 360 306 DIAL.
375 247 412 304 V.
436 246 486 306 DE
508 247 575 306 IRA
598 246 669 305 LlB.
688 245 737 305 ΙΙΙ.
753 253 838 310 7-9-
990 243 1032 309 87

58 401 206 462 haerebat
226 399 372 473 effugere.
404 399 549 473 optimum
572 397 715 458 iudicavit
732 399 878 475 quicquid
903 400 1033 462 dixisset

60 485 151 561 sequi
169 491 201 544 et
220 483 372 544 secundas
388 497 493 557 agere:
517 498 577 542 non
597 482 663 542 tulit
677 482 797 542 Coelius
813 484 1033 545 adsentientem

59 577 93 628 et
104 567 299 629 exclamavit:
326 568 376 627 dic
395 566 512 641 aliquid
522 573 635 639 contra,
648 573 682 625 ut
694 568 753 626 duo
772 570 872 628 simus.
901 567 963 629 Sed
982 569 1032 628 ille

60 667 194 728 quoque,
217 651 300 727 quod
315 667 376 710 non
391 650 581 723 irasceretur,
603 649 697 709 iratus
718 648 778 710 cito
801 650 868 711 sinc
887 652 1030 713 adversa-

59 736 106 796 rio
122 735 220 795 desiit.
245 734 399 808 Eligamus
412 749 484 808 ergo
500 732 621 793 veihos
637 734 748 808 potius,
764 733 791 794 si
806 735 922 795 conscii
939 736 1029 797 nobis
1044 743 1059 800 7

60 818 237 879 iracundiae
252 834 368 891 sumus,
390 818 442 892 qni
458 818 571 877 voltum
585 825 722 877 nosbum
738 834 775 878 ac
796 833 970 879 sermonem
983 835 1031 880 se-

62 909 203 979 quantur.
231 901 342 961 facient
360 901 482 976 quidem
503 917 561 961 nos
577 900 723 962 delicatos
740 909 769 962 et
784 903 814 961 in
829 903 938 962 malam
959 919 1031 964 cou-

60 986 254 1047 suetudinem
278 984 423 1046 inducent
442 984 517 1045 nihil
538 992 643 1045 contra
669 987 853 1048 voluntatem
880 987 1031 1059 audiendi,

61 1071 118 1131 sed
133 1069 269 1145 proderit
282 1069 355 1129 vitio
370 1086 427 1129 suo
449 1070 639 1130 intervallum
653 1076 682 1129 et
697 1070 828 1146 quietem
843 1071 927 1131 dare.
947 1071 1031 1132 Dilli-

59 1154 129 1215 cilis
147 1168 270 1228 quoque
284 1161 315 1214 et
333 1153 468 1214 indomiti
490 1159 597 1214 natura
616 1154 820 1215 blandientem
841 1155 932 1214 ieret:
958 1154 1032 1215 nihil

60 1253 206 1314 asperum
229 1236 425 1312 territumque
449 1238 583 1313 palpanti
604 1245 660 1298 est
700 1238 845 1311 Quotiens
867 1237 1064 1314 dispuutios

62 1323 180 1397 longior
193 1329 224 1382 et
239 1323 406 1397 pugnacior
420 1322 485 1394 erit,
500 1323 530 1380 in
545 1321 644 1396 prima
659 1323 846 1398 resistamus,
869 1329 1032 1398 antequam

59 1406 155 1468 robur
168 1405 306 1480 accipiat.
336 1405 388 1465 atit
409 1421 444 1466 se
464 1407 534 1480 ipsa
548 1406 700 1466 contentio
716 1414 747 1465 et
767 1406 921 1466 demimus
942 1406 1032 1466 altitu

60 1497 152 1550 tenet
177 1490 307 1548 Facilius
328 1497 431 1549 estse
452 1506 470 1549 a
491 1489 653 1549 certamine
675 1488 829 1550 abstinere
851 1506 922 1564 qum
937 1490 1031 1550 abdu-

60 1589 141 1632 cere.

125 1657 174 1716 lx.
198 1655 304 1715 Studia
319 1671 442 1730 quoque
460 1655 601 1729 graviora
614 1656 768 1716 iracundis
783 1656 948 1716 omittenda
962 1662 1034 1717 sunt
1047 1667 1061 1718 1

58 1747 114 1799 aut
128 1748 209 1799 certe
230 1740 303 1798 citra
318 1739 528 1799 lassitudinem
543 1740 715 1800 exercenda
729 1740 891 1801 stabimus
906 1757 968 1800 non
984 1740 1030 1800 in-

61 1830 108 1883 ter
125 1824 214 1897 plura
226 1824 414 1897 versandus,
430 1824 486 1882 sed
501 1823 616 1884 artibus
632 1824 769 1884 amoenis
785 1824 968 1885 tradendus:
988 1825 1029 1884 le·

61 1908 121 1966 ctio
136 1908 218 1967 illum
235 1908 399 1967 carminum
415 1906 548 1966 obleniat
568 1915 597 1967 et
614 1907 740 1989 historia
756 1908 866 1968 tabulis
888 1908 1029 1969 detincat.

60 1991 181 2051 mollius
196 1990 416 2064 delicatiusque
434 1997 586 2051 tractetur.
616 1991 807 2069 Pythagoras
828 1992 1059 2067 perturbatio-r

59 2091 115 2134 nes
130 2075 221 2135 animi
236 2075 303 2153 lyra
318 2075 522 2150 conponebat.
555 2076 624 2149 quis
639 2083 739 2136 autem
754 2075 873 2150 ignorat
888 2076 979 2136 lituos
1001 2083 1032 2135 et

58 2158 149 2219 tubas
165 2160 385 2219 concitamenta
405 2173 491 2230 esse,
514 2159 594 2219 sicut
614 2158 764 2233 quosdam
786 2168 893 2220 cantus
913 2159 1030 2220 blandi-

59 2249 176 2314 menta,
193 2242 304 2317 quibus
318 2259 406 2302 mens
418 2243 611 2303 resolvatur?
639 2243 776 2303 contusis
791 2245 888 2304 oeulis
902 2251 1031 2318 prosunt

60 2327 187 2386 virentia
202 2332 232 2386 et
249 2327 431 2401 quibusdam
447 2326 600 2386 coloribus
620 2327 739 2386 infirma
753 2328 836 2387 acies
851 2326 1029 2402 adquiescit,

61 2409 263 2484 quorumdam
279 2411 445 2486 splendore
467 2411 711 2486 praestringitur:
733 2411 777 2469 sic
790 2418 907 2470 mentes
922 2425 1029 2485 aegras

60 2492 163 2554 studia
172 2495 252 2553 laeta
265 2495 462 2568 permulcent.
483 2494 604 2569 Forum,
619 2494 848 2566 advocationes,
860 2493 970 2553 iudicia
985 2495 1059 2558 ιιι-3

59 2592 134 2652 gere
149 2577 297 2638 debemus
312 2584 342 2637 et
356 2577 474 2650 omnia,
497 2594 576 2653 quae
596 2578 772 2638 exulcerant
791 2576 911 2651 vitium,
933 2592 1031 2653 aeque

59 2676 172 2721 cavere
191 2661 249 2738 [aa]
263 2659 474 2722 lassitudinem
496 2662 653 2736 corporis:
673 2662 824 2722 consumit
842 2661 921 2720 enim
946 2660 1029 2736 quic·

60 2745 133 2820 quid
149 2746 179 2804 in
193 2743 282 2805 nobis
294 2745 365 2805 mite
377 2745 593 2820 placidumque
605 2752 652 2806 est
664 2753 694 2807 et
703 2745 785 2805 acria
797 2745 935 2805 concitat.
957 2745 1060 2809 idean

60 2829 172 2903 quibus
187 2829 364 2890 stomachus
379 2835 542 2904 suspectus
557 2837 612 2903 est,
628 2829 804 2904 processuri
820 2829 924 2889 adres
938 2845 1030 2904 agen-

60 2914 116 2974 das
131 2912 255 2973 maioris
270 2912 384 2987 negotii
398 2913 489 2973 bilem
504 2911 572 2974 cibo
587 2921 769 2988 temperant,
792 2929 882 2988 quam
899 2912 1031 2974 mamare

58 3004 162 3058 movet
172 2997 316 3071 tolmatio,
324 2997 390 3057 sive
403 2996 476 3072 quia
487 2998 619 3058 calorem
630 2997 661 3056 in
674 2998 774 3057 media
785 2997 929 3072 conpellit
937 3004 969 3057 et
979 3012 1031 3057 uo-

57 3087 109 3141 cet
119 3081 260 3155 sanguini
272 3096 458 3156 cursumque
469 3081 536 3142 eins
546 3081 632 3141 venis
642 3081 850 3142 laborantibus
862 3080 951 3156 sistit,
965 3079 1031 3141 sive

57 3165 133 3239 quia
144 3181 256 3240 corpus
264 3165 459 3226 adtenuatum
468 3173 499 3227 et
508 3165 658 3225 infirmum
666 3164 812 3225 incumbit
821 3163 933 3225 animo.
950 3172 1031 3226 certe

58 3249 99 3310 ob
114 3248 253 3308 eamdem
269 3265 393 3310 causam
414 3249 626 3310 iracundiores
646 3257 719 3309 sunt
733 3248 896 3310 valitudine
914 3256 966 3309 aut
980 3264 1030 3308 ae·

56 3340 121 3393 tate
134 3333 219 3394 lessi.
242 3333 352 3394 Fames
364 3349 489 3409 quoque
503 3341 534 3394 et
544 3333 612 3395 sitis
622 3348 662 3392 ex
673 3332 772 3392 isdem
788 3331 891 3393 causis
907 3333 1031 3394 vitanda

56 3425 123 3478 esta
144 3426 308 3493 exasperat
329 3417 508 3479 etinoendit
527 3418 655 3477 animos.
677 3417 775 3478 Vetus
792 3417 904 3478 dictum
925 3424 973 3478 est
995 3425 1059 3490 „ab

58 3501 144 3562 lasso
159 3500 257 3561 rixam
270 3501 405 3576 quaeri“
427 3517 526 3577 aeque
538 3510 637 3562 autem
652 3507 683 3562 et
697 3501 735 3561 ab
750 3501 901 3562 esuriente
915 3507 975 3561 eta
989 3499 1029 3559 si-
