2438 3968
184 243 229 306 24
276 242 380 305 ulna.
399 244 435 302 ll.
456 243 510 305 Al)
526 241 709 304 sepultum
724 241 798 303 NEC
812 240 993 302 lNlURlAM
1006 239 1083 303 NEC

187 412 275 458 suam
290 395 447 456 remixtum
462 394 530 456 oibo
547 395 694 470 perdtdlu
718 409 868 456 venenum
890 394 963 454 illud
978 395 1082 456 dando
1096 412 1169 458 see·

186 481 241 542 leri
256 496 291 540 se
306 478 459 554 obligavit
474 477 680 540 etiamsinon
696 478 808 539 nocuit.
824 494 886 539 uon
900 476 999 538 minus
1014 480 1091 540 latro
1109 486 1170 553 est,

187 565 274 625 euius
303 564 395 624 telum
416 563 560 638 opposita
579 570 666 622 veste
686 564 804 623 elusum
825 570 880 622 est.
918 560 1025 621 Omnia
1044 563 1170 624 scelera

186 648 275 708 etiarn
289 653 358 707 ante
373 645 514 707 ellectum
531 646 643 721 operis,
657 652 801 720 quantum
813 648 922 721 eulpae
932 645 1007 706 satis
1023 656 1080 721 εει,
1094 663 1168 723 per-

156 727 266 792 trenta
286 738 366 791 sunt.
403 730 558 804 Quaedam
578 730 645 789 eius
667 728 857 792 conditionis
878 737 949 789 sunt
968 737 998 789 et
1017 729 1076 790 hae
1097 732 1169 791 vice

187 818 384 891 copulantur,
409 821 442 875 ut
464 816 590 874 alterum
611 813 678 874 sine
698 816 880 874 alternasse
897 813 1011 888 possit,
1036 815 1169 875 alterurn

185 899 253 961 sine
266 900 361 960 altero
378 914 438 958 non
455 898 562 973 possit.
586 899 669 973 quod
685 896 754 957 diro
771 898 907 958 conabor
921 897 1024 957 laeere
1037 898 1167 959 manile

185 991 275 1045 stum.
297 983 425 1043 Possum
438 982 535 1056 podes
549 997 682 1054 movere,
697 989 800 1042 utnon
816 997 950 1042 ourram=
965 996 1088 1041 currere
1103 999 1167 1042 non

186 1083 329 1142 possum,
359 1073 392 1126 ut
412 1066 507 1140 pedes
528 1082 589 1127 non
612 1081 760 1126 moveam.
802 1081 945 1140 possum,
972 1066 1114 1139 quamvis
1137 1064 1167 1125 in

185 1167 267 1225 aqua
281 1151 354 1225 sim,
370 1166 431 1212 nou
447 1157 566 1210 natare:
596 1150 623 1210 si
638 1156 725 1221 nato,
739 1166 800 1211 non
817 1165 946 1225 possum
961 1147 991 1208 in
1005 1165 1087 1224 aqua
1102 1166 1166 1210 non

154 1229 171 1285 6
186 1250 268 1295 esse.
303 1235 350 1294 Ex
365 1234 422 1294 hae
436 1242 520 1295 sorte
535 1241 565 1294 et
580 1233 640 1293 hoo
656 1240 703 1294 est
720 1235 759 1294 de
775 1251 836 1308 quo
852 1234 960 1308 agitur.
984 1233 1011 1293 si
1025 1233 1167 1295 iniuriam

75 1341 79 1347 ·
186 1318 302 1394 accepi,
318 1333 448 1379 neeesse
462 1325 510 1379 est
524 1320 634 1377 lacum
649 1332 729 1378 esse.
758 1317 784 1376 si
799 1324 847 1378 est
861 1319 956 1390 laeta,
971 1334 1033 1378 nou
1048 1325 1097 1378 est
1112 1334 1167 1378 ne·

187 1418 276 1464 cesse
295 1403 455 1479 accepisse
476 1417 534 1462 me.
571 1403 664 1462 multa
684 1402 763 1462 enirn
784 1401 918 1462 incidere
938 1407 1070 1477 possunt
1085 1399 1168 1478 quae

69 1563 71 1567 ι
185 1488 388 1550 submoveant
407 1485 562 1547 iniuriam=
591 1491 624 1546 ut
644 1486 818 1546 intentatam
840 1501 961 1545 manum
976 1485 1100 1546 deicere
1112 1485 1167 1546 ali-

186 1572 255 1646 quis
271 1587 363 1632 casus
378 1577 482 1646 potest
492 1578 522 1633 et
533 1569 646 1631 emissa
655 1573 715 1631 tela
726 1570 887 1643 declinare,
900 1570 941 1629 ita
951 1569 1077 1630 iniurias
1090 1586 1168 1644 que·

186 1656 367 1730 leseumque
381 1662 483 1730 potest
498 1655 599 1730 aliqua
612 1671 664 1714 res
678 1656 826 1729 repellere
841 1661 871 1714 et
884 1654 913 1713 in
928 1652 1029 1714 medio
1044 1654 1167 1714 interei-

186 1755 270 1814 pere,
285 1745 363 1800 utet
377 1739 475 1800 iactae
492 1738 553 1800 sint
566 1753 624 1798 neo
638 1744 793 1813 acceptae.

155 1821 171 1874 l
247 1822 326 1882 Vlll.
348 1822 509 1882 Praeterea
523 1822 635 1882 iustitia
645 1821 718 1881 nihil
733 1822 876 1882 iniustum
889 1820 951 1896 pati
964 1828 1075 1897 potest,
1092 1821 1168 1897 quia

186 1922 248 1965 non
264 1912 376 1966 coeunt
391 1903 551 1967 contraria.
588 1904 697 1964 iniuria
714 1912 813 1964 autem
830 1922 892 1965 non
908 1913 1010 1980 potest
1025 1905 1090 1964 fieri
1107 1906 1167 1967 nisi

186 1989 314 2050 iniuste:
343 2005 416 2064 ergo
439 1989 569 2063 sapienti
591 1987 700 2047 iniuria
721 2005 780 2050 non
804 1995 907 2064 potest
927 1988 1002 2048 fieri.
1037 1988 1103 2048 Nee
1120 1996 1168 2050 est

188 2072 271 2147 quod
291 2071 425 2134 mireris:
440 2074 467 2132 si
483 2088 572 2132 nemo
589 2079 690 2147 potest
703 2071 745 2131 illi
759 2071 897 2133 iniuriam
913 2073 1022 2143 iacere,
1038 2088 1077 2132 ne
1094 2089 1166 2147 pro·

186 2155 280 2217 desse
302 2157 425 2232 quidem
446 2157 608 2232 quisquam
629 2161 739 2230 potest.
775 2165 805 2217 et
827 2156 958 2231 sapienti
979 2156 1051 2216 nihil
1077 2156 1168 2218 deest

187 2240 270 2316 quod
284 2240 424 2316 accipere
440 2242 539 2315 possit
552 2241 621 2302 looo
636 2241 784 2313 muneris,
806 2249 837 2300 et
855 2242 953 2300 malus
975 2239 1047 2300 nihil
1062 2247 1168 2314 potest

186 2325 309 2401 dignum
323 2325 455 2385 tribuere
469 2325 615 2401 sapiente.
644 2323 757 2384 habere
772 2323 851 2385 eninr
867 2326 952 2400 prius
967 2324 1059 2384 debet
1072 2341 1167 2400 quam

185 2407 269 2469 dare.
291 2408 366 2469 nihil
379 2417 478 2469 autem
493 2409 585 2469 habet
599 2410 682 2485 quod
696 2409 735 2469 ad
750 2424 785 2469 se
800 2408 956 2471 translemi
971 2408 1097 2482 sapiens
1112 2424 1163 2483 ga·

155 2492 310 2554 avisatus
335 2494 383 2554 sit.
419 2494 485 2555 Non
513 2501 613 2568 potest
637 2508 709 2566 ergo
732 2494 893 2569 quisquam
915 2499 967 2552 aut
986 2507 1101 2553 nocere
1113 2490 1166 2553 εε-

188 2577 279 2651 pienti
301 2585 353 2638 aut
371 2577 537 2653 prodesse,
568 2578 711 2652 quoniam
732 2577 838 2637 divina
857 2593 914 2637 neo
929 2576 1025 2636 iuvari
1040 2575 1166 2636 deside·

186 2666 253 2721 rant
267 2676 324 2721 neo
339 2661 420 2721 laedi
434 2668 573 2736 possunt.
602 2661 726 2736 sapiens
740 2668 840 2721 autem
854 2661 972 2723 vicinus
988 2659 1167 2736 proximus-

188 2758 247 2818 que
263 2745 309 2804 dis
326 2745 473 2818 consistit,
488 2752 619 2820 excepta
633 2746 811 2806 mortalitate
829 2745 936 2806 similis
951 2745 1020 2805 deo.
1057 2744 1099 2803 ad
1114 2745 1169 2807 illa

186 2827 285 2888 nitens
301 2844 496 2904 pergensque
511 2831 643 2903 excelsa,
660 2830 805 2902 ordinata,
822 2829 980 2904 intrepida,
996 2829 1120 2904 aequali
1137 2837 1169 2890 et

186 2911 332 2973 eoncordi
349 2928 442 2974 eursu
457 2912 596 2987 fluentia,
622 2929 746 2988 secura,
771 2914 919 2988 benigna,
940 2913 1022 2973 bono
1037 2912 1167 2988 publico

186 3001 265 3068 nata,
282 3002 312 3055 et
326 2995 384 3055 sibi
398 3003 428 3056 et
441 2997 509 3057 aliis
524 2998 668 3058 salutaria
683 2998 755 3057 nihil
769 2998 882 3057 humile
897 2997 1106 3072 concupiscet,
1120 2998 1166 3057 ui·

186 3078 227 3138 hil
250 3078 349 3152 ilebit,
377 3079 428 3153 qui
449 3081 558 3142 rationi
578 3080 698 3142 innixus
715 3082 934 3156 perhumanus
949 3098 1041 3142 oasus
1057 3079 1167 3143 divino

153 3162 306 3225 sinoedet
319 3163 429 3224 animo.
466 3164 531 3225 Non
552 3165 643 3226 habet
656 3165 708 3226 ubi
723 3165 853 3241 aroeipiat
867 3166 1016 3226 iniuriam.
1052 3163 1091 3225 ab
1107 3164 1167 3227 ho·

184 3246 265 3307 mine
282 3261 331 3307 me
345 3254 458 3307 tantum
473 3248 575 3309 dicere
592 3256 702 3324 putast
719 3265 758 3309 ne
773 3252 922 3311 alortuna
934 3251 1065 3325 quidem,
1082 3264 1169 3324 quae

186 3331 327 3405 quotiens
344 3346 411 3391 eum
427 3331 535 3392 virtute
550 3348 718 3407 congressa
733 3341 793 3405 est,
809 3350 975 3410 numquam
989 3349 1044 3409 par
1058 3347 1166 3395 reaes-

185 3411 235 3475 elt.
257 3412 290 3475 Si
301 3412 465 3474 maximum
480 3416 570 3489 illud,
586 3417 664 3478 ultra
679 3418 762 3492 quod
777 3417 849 3478 nihil
864 3419 991 3492 habent,
1007 3416 1105 3478 iratae
1120 3420 1167 3480 le·

185 3512 241 3574 sos
262 3514 298 3560 ae
320 3496 491 3560 saevissimi
515 3499 627 3563 domini
651 3501 837 3575 minitantur,
866 3501 898 3562 in
920 3518 980 3575 quo
1001 3501 1167 3577 imperium
