2438 3968
275 232 325 291 ult
340 233 559 293 BREVITATE
576 233 702 292 VITAE.
723 243 783 294 lt-
798 243 839 297 16.
967 233 1028 297 213

62 406 150 450 nemo
167 388 303 463 deicitur,
319 388 529 448 sublevabunt.
551 388 627 448 haec
641 403 703 447 una
716 389 791 449 ratio
806 395 853 448 est
864 390 1028 449 extenden-

61 477 119 534 dae
134 472 338 546 mortalitatis,
353 474 442 532 immo
461 472 490 531 in
506 471 746 533 inmortalitatem
762 474 935 533 vertendae.
966 474 1028 534 Ho-

60 573 168 631 nores,
189 562 397 628 monumenta,
425 554 570 630 quioquid
590 563 642 614 aut
657 556 787 616 decretis
805 557 925 618 ambitio
941 556 1030 617 iussit

61 645 113 703 aut
128 641 272 716 operibus
289 640 446 714 exstruxit,
462 641 519 700 cito
531 639 694 699 subruitur.
717 640 788 699 nillil
800 656 860 700 non
875 642 964 715 longa
976 643 1028 701 de

61 726 181 786 molitur
205 731 340 785 vetustas
362 729 392 784 et
411 732 527 782 movet:
553 731 583 782 at
603 723 656 799 iis,
682 739 760 798 quae
776 725 967 784 consecrarit
980 741 1028 784 sa·

62 809 188 888 pientia,
206 808 308 868 noceri
323 824 383 868 non
400 815 510 882 potest.
531 807 612 866 nulla
627 808 759 868 abolebit
773 815 872 879 actas,
888 809 970 867 nulla
985 806 1029 867 di-

61 895 188 953 minuet=
213 908 347 968 sequens
374 908 410 952 ac
435 891 545 951 deinde
572 906 695 966 semper
714 892 839 953 ulterior
859 891 975 966 aliquid
990 891 1030 950 ad

61 977 287 1038 venerationem
303 977 429 1050 confert,
443 975 588 1050 quoniam
604 975 724 1050 quidem
739 976 769 1034 in
781 975 880 1036 vicino
893 981 1031 1035 versatur

61 1062 190 1134 invidia,
207 1061 376 1135 simplicius
390 1061 481 1134 longe
497 1059 598 1134 posita
613 1059 764 1119 miramur.
788 1059 941 1135 Sapientis
956 1060 1058 1134 ergot

62 1147 186 1205 multum
210 1153 291 1219 patet
310 1144 381 1204 vita.
413 1159 473 1203 non
491 1144 570 1203 idem
584 1143 667 1203 illum
683 1143 735 1218 qui
751 1152 870 1205 ceteros
885 1144 1030 1204 terminus

63 1228 165 1289 cludit.
199 1231 284 1288 solus
299 1229 420 1302 generis
435 1228 557 1288 humani
572 1227 689 1301 legibus
705 1228 840 1288 solvitur.
876 1228 976 1288 omnia
989 1228 1030 1286 illi

63 1315 168 1373 secula
182 1320 215 1372 ut
232 1313 290 1372 deo
308 1313 453 1372 serviunt.
473 1311 591 1371 transiit
605 1319 725 1387 tempus
743 1311 886 1386 aliquod:
911 1312 970 1371 hoo
984 1327 1030 1370 re-

64 1395 243 1458 cordatione
269 1396 496 1471 conprehendit.
528 1396 637 1456 instat=
663 1396 721 1456 hoo
742 1396 841 1456 utitur.
872 1402 1032 1455 venturum

63 1489 124 1542 cst:
148 1481 206 1539 hoo
225 1481 381 1555 praecipit.
413 1481 547 1555 Longam
561 1477 603 1538 illi
618 1481 708 1541 vitam
725 1481 796 1541 lacit
810 1481 942 1540 omnium
957 1486 1031 1539 tem·

65 1581 174 1639 porum
189 1564 218 1622 in
234 1580 327 1623 unum
343 1564 482 1624 conlatio.

122 1647 201 1705 XVI.
235 1648 357 1707 Illorum
382 1648 563 1707 brevissima
584 1666 619 1709 ae
641 1647 857 1709 sollicitissima
877 1654 961 1708 aetas
975 1654 1063 1722 εει,1

65 1732 115 1806 qni
133 1730 362 1805 praeteritorum
378 1733 606 1807 obliviscuntur,
621 1733 794 1808 praesentia
808 1733 980 1806 neglegunt,
993 1731 1031 1791 de

63 1816 163 1875 lutnro
182 1815 300 1875 timent:
316 1831 383 1875 cum
399 1815 438 1874 ad
453 1824 588 1876 extrema
603 1823 758 1888 venerunt,
775 1832 844 1875 sero
857 1816 1033 1891 intellegunt

63 1898 180 1971 miseri,
206 1899 320 1959 tamdiu
343 1915 393 1971 se,
419 1900 490 1960 dum
515 1900 587 1959 nihil
610 1907 718 1975 agunt,
743 1906 909 1975 occupatos
926 1900 1030 1959 tuisse.

62 1983 125 2042 Nec
142 1992 202 2056 est,
219 1985 302 2057 quod
318 1983 376 2043 hoc
392 1991 568 2058 argumento
586 1985 707 2059 probari
724 1991 812 2059 putes
826 1987 947 2059 longam
961 1982 1062 2043 illosn

64 2067 269 2141 egerentem,
286 2068 357 2141 quia
372 2068 521 2127 interdum
536 2077 661 2128 mortem
679 2069 837 2128 invocant:
857 2076 947 2128 vexat
961 2067 1030 2129 illos

63 2150 255 2225 inprudentia
280 2150 402 2211 incertis
429 2151 599 2213 adfectibus
622 2161 652 2213 et
668 2150 891 2213 incurrentibus
906 2152 934 2211 in
953 2151 1029 2225 ipsa,

11 2233 26 2293 ζ
65 2252 143 2310 quae
164 2243 307 2296 metuunt.
341 2243 468 2295 mortem
489 2252 584 2311 saepe
603 2236 672 2296 ideo
688 2244 806 2312 optant,
834 2235 906 2311 quia
919 2235 1031 2295 timent.

63 2320 140 2377 Illud
162 2335 285 2393 quoque
300 2328 509 2394 argumentum
526 2337 587 2379 non
606 2328 666 2393 est,
693 2321 777 2395 quod
795 2328 898 2396 puteS,
925 2319 976 2378 diu
989 2317 1065 2380 vi·3

64 2403 211 2476 rentium,
228 2403 312 2476 quod
326 2419 421 2478 saepe
436 2403 494 2463 illis
506 2406 615 2479 longus
627 2405 745 2465 videtur
756 2405 838 2473 dies,
854 2402 947 2477 quod,
962 2401 1032 2461 dum

65 2485 167 2544 veniat
183 2486 354 2545 condictum
369 2495 489 2561 tempus
506 2503 628 2560 coenae,
644 2489 729 2548 tarde
741 2488 785 2546 ire
795 2487 888 2547 horas
902 2500 1032 2561 querun-

64 2580 127 2630 tur:
154 2585 223 2628 nam
249 2571 276 2628 si
298 2570 420 2644 quando
442 2571 510 2630 illos
525 2573 725 2632 deseruerunt
742 2570 975 2645 occupationes,
1002 2567 1032 2628 in

65 2652 127 2715 otio
148 2652 243 2712 relicti
264 2659 417 2727 aestuant,
443 2669 499 2712 nec
520 2656 674 2730 quomodo
689 2656 718 2714 id
736 2656 900 2730 disponant
913 2661 965 2714 aut
980 2669 1033 2712 ex-

64 2737 198 2809 trahant,
214 2737 323 2795 sciunt.
346 2738 447 2812 itaque
462 2739 499 2796 ad
519 2738 748 2813 occupationem
764 2739 894 2813 aliquam
905 2737 1033 2799 tendunt

64 2831 95 2883 et
112 2821 195 2896 quod
210 2819 366 2881 interiacet
379 2837 469 2881 omne
484 2829 604 2897 tempus
620 2839 712 2897 grave
727 2830 782 2896 εει,
800 2831 860 2883 tarn
875 2821 1033 2881 mehercu-

65 2907 124 2978 les,
148 2921 239 2979 quam
256 2919 323 2963 cum
339 2905 404 2964 dies
420 2905 553 2966 muneris
570 2907 739 2981 gladiatorii
756 2907 874 2967 edictus
891 2913 954 2980 est,
981 2911 1033 2964 aut

65 3006 134 3051 cum
155 2988 283 3049 alicuius
298 2989 422 3048 alterius
436 2991 485 3049 vel
499 2991 666 3065 spectaculi
681 2992 728 3049 vel
744 2989 907 3065 voluptatis
922 3003 1033 3062 exspe-

67 3081 164 3134 ctatur
178 3073 387 3144 constitutum,
404 3072 555 3135 transilire
568 3074 686 3135 medios
703 3075 768 3134 dies
785 3076 899 3133 volunt.
930 3068 1061 3132 Omnis4

65 3157 125 3218 illis
146 3166 287 3232 speratae
300 3158 344 3216 rei
360 3157 451 3231 longa
466 3157 567 3217 dilatio
584 3160 684 3218 estad
699 3157 772 3218 illud
788 3166 923 3233 tempus,
950 3156 1033 3231 quod

67 3242 176 3301 amanti
190 3243 283 3300 breve
299 3248 390 3300 estet
406 3256 554 3316 praeceps
570 3242 756 3317 breviusque
768 3243 862 3303 multo
878 3257 934 3302 suo
950 3241 1032 3300 vitio.
1137 3247 1141 3255 '

35 3406 36 3410 Ἰ
66 3325 188 3385 aliunde
208 3326 286 3384 enim
308 3326 366 3385 alio
383 3325 585 3398 transfugiunt
600 3333 630 3386 et
643 3327 812 3386 consistere
827 3327 856 3386 in
873 3342 933 3385 una
949 3326 1032 3399 cupi·

67 3408 159 3469 ditate
174 3426 235 3470 non
252 3416 390 3485 possunt.
424 3426 484 3468 non
500 3417 571 3468 sunt
583 3407 640 3469 illis
653 3411 734 3485 longi
750 3408 831 3486 dies,
854 3410 909 3472 sed
927 3410 1032 3469 invisi·
1134 3298 1156 3726 1

68 3498 98 3553 et
124 3502 228 3553 contra
255 3509 343 3570 qnam
366 3494 495 3570 exiguae
517 3502 623 3554 noctes
643 3494 797 3568 videntur,
824 3494 945 3568 quasin
960 3507 1034 3553 con·
