2438 3968
170 272 196 309 vt
253 257 259 269 ⁴
552 257 786 308 PRAEFATIO.

169 411 227 447 nem
244 402 342 461 potest,
360 395 488 459 quomodo
503 395 674 445 emendandna
687 395 720 443 sit
731 393 802 444 locus
813 394 880 445 Diei.
889 397 945 456 Vll,
959 397 1000 456 no,
1015 398 1040 447 1.
1057 398 1184 462 nbiquod

170 465 255 517 adbuc
269 465 311 514 edi
328 463 434 530 solebat,
444 463 521 530 plane
537 463 677 513 inauditnm
690 472 742 512 est:
760 463 834 513 Nam
851 465 982 528 quidam
998 467 1027 514 si
1045 474 1074 516 at
1088 467 1184 532 paria

171 534 273 585 dictis
291 540 438 597 agerent,
455 533 532 596 quid
549 539 637 583 esset
654 531 726 582 iliis
742 533 899 584 beatius?
916 533 997 583 Vetus
1016 535 1105 584 vitium
1124 550 1185 585 esse

170 608 294 653 monstrat
308 604 332 652 ei
346 601 484 666 particula,
506 616 571 664 quae
587 602 638 650 iam
655 602 682 650 in
699 602 794 666 optimo
808 603 866 652 cod.
882 602 985 652 Medici.
1000 603 1052 668 legi
1064 605 1186 669 pernibe-

169 678 224 730 tnr,
251 670 320 722 illata
337 671 382 721 iila
398 670 468 722 hand
486 671 562 720 dubia
580 671 611 719 ab
630 669 729 720 inieiice
747 678 900 730 correctam
924 679 952 720 nt
974 679 1059 722 autem
1073 675 1113 724 eti
1129 673 1185 740 syl-

170 739 243 790 labae
258 739 415 798 exciderent,
432 739 524 789 accidit
537 740 572 789 ob
589 737 698 787 similem
714 740 810 788 exinrnr
826 740 896 790 vocis
914 739 1096 791 antecedentis.

238 808 305 860 liaeo
321 808 467 873 speciminis
483 821 562 858 causa
577 806 695 857 artificere
710 822 788 872 posse
805 809 926 859 videntur
936 823 1019 873 pauca
1033 811 1065 861 de
1079 810 1184 869 mnitis;

170 893 217 931 aec
240 887 326 929 tamen
347 877 449 938 dubito,
474 877 535 940 quin
557 891 657 935 ennom,
680 891 745 939 quae
761 879 793 927 ob
809 882 964 927 constantem
979 875 1089 929 &nacae
1106 894 1185 930 usum
1208 921 1209 926 ,

171 946 421 1005 emendandum,
446 960 495 1010 ego
515 959 615 1008 qnoque
638 944 689 995 alin
705 959 756 996 non
775 945 1008 1007 animadverterim,
1033 947 1097 1008 aila,
1124 963 1185 999 cnm

170 1023 289 1081 suspecta
304 1022 401 1077 essent,
419 1014 512 1064 minda
527 1016 621 1064 intacta
636 1014 793 1077 reliquerim
811 1022 850 1064 est
864 1014 931 1064 enisu
946 1015 1010 1066 haec
1025 1030 1066 1066 res
1077 1025 1130 1067 tam
1142 1018 1186 1067 in·

169 1084 256 1135 finitae
274 1082 432 1148 diligentiae,
452 1090 480 1132 ut
492 1083 569 1132 etiam
581 1082 607 1132 in
619 1083 739 1148 scriptore
751 1083 949 1134 familiarissimo
963 1100 1044 1135 novae
1054 1087 1103 1136 tibi
1115 1101 1184 1136 senr-

170 1167 217 1218 per
237 1152 398 1216 quaestiones
417 1151 580 1202 suboriantnr
599 1158 624 1201 et
645 1166 712 1202 novo
732 1152 816 1203 studio
836 1151 950 1202 iteranda
973 1155 1007 1204 sit
1028 1156 1184 1207 observatio.

172 1221 287 1272 Getarum
303 1221 406 1272 dicendi
424 1234 505 1286 genus
521 1220 549 1270 iu
565 1220 681 1271 omnibns
699 1219 811 1272 Senecae
827 1220 900 1272 libris
918 1222 986 1272 idern
1003 1222 1058 1274 iere
1073 1230 1099 1273 et
1114 1237 1185 1273 sern-

170 1305 218 1356 per
234 1293 276 1341 sui
289 1289 374 1340 simiis
392 1297 443 1348 est,
462 1289 525 1340 adeo
543 1289 644 1353 quidem
662 1296 690 1338 nt
704 1304 737 1340 ne
747 1290 937 1356 Epigrammata
948 1292 1051 1355 quidem
1063 1292 1186 1358 excipere

170 1359 263 1420 veiim,
287 1374 352 1424 qnae
367 1357 494 1409 nonnnssis
509 1357 565 1407 sine
580 1358 674 1408 idonea
692 1373 770 1408 cansa
787 1359 875 1423 spuria
891 1360 949 1409 risa
966 1368 1038 1421 annt;
1063 1361 1132 1412 idern
1150 1360 1186 1412 de

172 1427 391 1480 consentionem
406 1426 540 1493 Polybium
548 1427 623 1485 dieo3
642 1427 718 1491 quid,
735 1428 804 1490 quod
816 1427 844 1476 in
858 1427 930 1479 Ludo
945 1443 1046 1493 quoqne
1060 1431 1093 1480 de
1102 1438 1187 1481 morta

171 1496 272 1550 Gieudii
289 1496 410 1549 Senecam
427 1495 656 1561 agnoscere-imile
674 1503 725 1556 est,
744 1510 897 1560 quamquam
914 1498 940 1546 in
958 1513 989 1548 eo
1002 1512 1044 1548 res
1060 1500 1117 1563 ipsa
1130 1501 1186 1550 sin·

171 1567 286 1634 gularem
309 1567 430 1617 orationis
453 1565 561 1616 formam
577 1565 751 1631 desiderabat,
777 1566 804 1615 in
821 1580 872 1628 qna
889 1566 1024 1617 manifesta
1041 1575 1081 1616 est
1098 1567 1186 1618 Patro·

170 1638 263 1688 uianaa
279 1643 381 1687 satum
399 1635 518 1685 imitatio.
541 1633 578 1684 iia
593 1633 742 1685 emendandi
760 1649 819 1685 vero
831 1634 979 1686 diiiicnltate
991 1637 1014 1685 si
1027 1636 1185 1699 quaerimus,

170 1721 221 1756 non
246 1705 358 1755 omnium
380 1703 503 1755 librorum
522 1717 570 1769 par
591 1705 655 1753 ratio
671 1710 718 1754 est.
753 1704 860 1753 Exstant
877 1711 962 1756 antem
980 1706 1092 1754 omnium
1110 1706 1186 1756 multi

172 1773 245 1824 codd.
269 1787 343 1831 mss.;
370 1788 426 1822 cum
444 1772 511 1823 enim
528 1773 613 1822 madio
632 1787 696 1823 aero
714 1770 810 1822 Seneca
824 1773 889 1823 inter
905 1775 1039 1839 scriptores
1056 1774 1186 1839 probatis-

171 1845 250 1892 simos
268 1849 294 1890 et
309 1841 377 1891 iactu
394 1841 559 1906 dignissimos
575 1839 723 1900 haberetur,
745 1839 841 1890 sactum
857 1850 897 1891 eat
913 1850 941 1892 nt
958 1842 1073 1906 piurimis
1090 1844 1185 1908 ubique

172 1909 294 1974 exemplis
309 1910 434 1975 descripte
446 1909 502 1959 eius
515 1923 592 1973 opera
603 1909 671 1960 vitiis
681 1907 842 1959 indicerentur
851 1909 1090 1971 innumerabilibns3
1107 1913 1186 1977 pauci

171 1985 231 2029 sunt
248 1977 350 2029 codices
366 1977 548 2042 vetustissimi,
565 1976 610 2040 qni
626 1991 779 2040 quamquam
791 1985 817 2028 at
833 1977 883 2042 ipsi
895 1978 1031 2042 aliquando
1045 1987 1089 2031 aut
1099 1994 1187 2031 errore

172 2047 303 2112 depravati
318 2055 378 2097 sunt
391 2055 435 2096 ant
446 2045 515 2097 mala
525 2046 711 2105 emendatione,
729 2045 806 2112 longe
817 2054 902 2097 tamen
914 2047 1027 2112 reliquos
1039 2047 1186 2114 integritate

171 2123 300 2181 superant.
334 2115 374 2164 Ex
390 2115 432 2166 bis
448 2123 487 2166 est
502 2114 558 2165 cod.
575 2113 783 2175 Mediolanensis‚
798 2130 874 2178 qnam
887 2115 1017 2168 Fickertna
1031 2118 1120 2167 statuit
1133 2132 1186 2167 nou

172 2199 230 2236 assa
246 2191 305 2249 post
320 2183 435 2234 seculum
450 2183 494 2234 lX.
509 2183 643 2249 scriptume
661 2183 772 2234 continet
783 2183 948 2250 Dialogcrnnr
958 2186 1037 2236 libros
1046 2185 1100 2235 Xli.
1111 2186 1186 2236 item-

172 2270 222 2318 que
245 2251 374 2319 Epistolaa
395 2252 468 2303 Pauli
488 2254 522 2303 ad
538 2250 660 2303 Senecam
676 2259 702 2302 et
718 2251 829 2302 Senecas
846 2253 879 2303 ad
899 2253 1018 2313 Paraluma
1041 2255 1187 2320 scripturae

172 2323 377 2388 discrepantiam
392 2322 420 2372 in
443 2320 552 2372 Fessieri
567 2336 642 2371 uarum
667 2319 802 2387 diligenter
818 2336 834 2370 a
852 2321 951 2372 dnobus
967 2321 1039 2373 italia
1057 2330 1186 2374 enotatam

171 2393 270 2458 primus
285 2391 415 2442 Fickertus
431 2390 528 2456 publici
544 2391 608 2440 iuria
621 2389 692 2443 iacit.
724 2391 774 2441 Par
788 2390 867 2440 virtus
880 2398 920 2441 eat
932 2391 1026 2441 codicis
1040 2390 1185 2452 Nazariani,

172 2461 217 2524 qni
238 2467 408 2526 postquama
432 2458 536 2509 (innuero
560 2466 696 2524 usurpatus
718 2467 770 2518 est,
795 2473 845 2509 non
864 2461 1016 2525 comparuit3
1040 2461 1187 2511 continebat

170 2530 250 2580 libros
272 2529 305 2578 de
326 2527 459 2579 Beneficiis
476 2535 509 2577 'et
530 2527 563 2577 de
585 2526 734 2586 Clementia3
758 2528 792 2579 ad
813 2535 955 2578 accuratam
972 2528 1132 2579 collationem
1157 2531 1185 2578 in

173 2598 236 2648 libro
257 2596 439 2648 Mediolanensi
461 2597 559 2660 aliqua,
582 2597 608 2645 in
629 2596 768 2647 Nanariano
789 2596 870 2646 multa
891 2597 1078 2658 desiderantur,
1101 2612 1186 2660 nequa

172 2675 257 2716 tamen
272 2666 377 2717 dubium
389 2674 441 2727 sat,
456 2666 518 2730 quin
530 2679 593 2730 prae
606 2666 707 2716 illorum
719 2666 866 2717 macritme
879 2664 971 2729 reliqui
983 2667 1084 2718 codices
1096 2681 1187 2716 omnes

192 2733 247 2785 arsi
260 2735 410 2786 aestimaudi
427 2735 491 2796 sint,
516 2734 612 2799 qnippe
630 2735 674 2798 qui
693 2735 720 2784 in
735 2735 799 2785 iocis
815 2736 941 2801 cormptis
956 2735 1020 2785 nihii
1035 2735 1186 2801 plerumque

207 2804 282 2854 beant
296 2804 346 2853 niel
361 2803 424 2855 vina
440 2818 473 2855 ex
489 2802 590 2854 illorum
608 2803 676 2854 vitiis
691 2811 752 2855 nata
769 2812 813 2854 ant
829 2804 948 2854 vitiorum
965 2805 1133 2855 correcncues
1147 2806 1187 2854 vi-

172 2873 260 2923 tiosas.
295 2872 378 2936 Atque
392 2872 606 2924 Mediolanensem
620 2872 735 2924 codicem
746 2873 822 2924 etiarn
833 2873 859 2922 in
872 2887 904 2924 ao
917 2879 1019 2922 secutus
1033 2887 1098 2932 sum,
1115 2873 1187 2936 quod

171 2955 238 3004 qnos
255 2939 300 2991 illa
310 2939 475 3008 Dialogornm
489 2941 589 2991 nemine
602 2940 681 2992 libros
692 2941 748 2992 ΧΠ.
762 2940 964 3007 comprehendit,
981 2942 1070 2993 eodem
1081 2943 1187 2992 nomine

174 3018 199 3060 at
214 3009 303 3060 ordine
317 3010 451 3069 coniunxir
476 3024 536 3062 nam
552 3011 602 3060 etsi
616 3010 739 3076 ampliora
756 3010 832 3060 etiam
849 3011 944 3075 scripta
961 3010 993 3061 de
1010 3008 1142 3060 Beneficiis
1160 3017 1188 3060 et

174 3079 229 3128 Nat.
247 3079 359 3139 Quaem.
375 3086 400 3128 et
417 3078 558 3145 impatienti
577 3078 611 3130 de
624 3078 762 3130 Clementia
777 3079 835 3129 iibri
850 3086 967 3145 poteram
983 3079 1039 3144 pari
1056 3079 1112 3128 inre
1130 3078 1186 3127 dia-

173 3147 227 3213 logi
249 3147 372 3214 appellari
390 3155 467 3210 atqua
488 3148 545 3213 ipse
565 3149 641 3198 etiam
664 3146 760 3199 Seneca
777 3147 855 3198 libros
871 3147 905 3199 de
920 3147 1017 3199 Beneii.
1036 3162 1066 3198 eo
1082 3148 1187 3196 uomina

173 3214 358 3336 ddffltdd}
365 3215 526 3336 diedtididduid'
534 3215 909 3338 bodddfldeni-ir’addaudrddmdd
919 3227 1122 3349 ddmmdnetddniffi
1134 3231 1186 3334 ddd

851 3322 860 3351 i

172 3368 361 3484 initii,
375 3353 1013 3490 idttiaffiniiiitatittii
1023 3353 1187 3490 iiiiii

74 3545 79 3551 ,
173 3493 211 3542 sic
232 3493 341 3551 institni;
365 3492 429 3542 nihii
446 3494 513 3543 enirn
535 3508 565 3543 eo
589 3493 743 3555 continetur,
768 3494 837 3556 quod
859 3492 892 3543 ad
912 3502 1054 3558 postremos
1074 3490 1186 3542 Senecam

173 3575 254 3611 annos
275 3564 431 3626 Nercnlsqna
450 3563 583 3627 imperium
600 3563 730 3628 pertinent.
767 3560 882 3612 (letarum
903 3575 952 3612 non
970 3575 1034 3626 opus
1052 3570 1090 3610 est
1107 3574 1186 3624 expo·

222 3728 306 3746 *-
