2438 3968
193 260 255 324 186
380 257 414 318 L.
430 255 577 317 ΑΝΝΑΕΙ
597 255 771 316 SENECAE
792 256 894 316 DIAL.
910 255 959 316 ix.

192 409 376 491 gravissima
389 407 557 469 adducens.
584 407 678 468 Nemo
696 408 833 483 duraret,
856 409 883 469 si
897 425 1000 469 rerum
1013 410 1158 471 adversa-

191 513 258 557 raim
272 493 409 554 eamdem
424 493 485 552 vim
500 491 669 553 adsiduitas
688 492 814 552 haberet
829 508 919 568 quam
939 494 1055 569 primus
1069 493 1159 555 ictus.

159 579 304 640 ³0mnes
328 593 395 638 cum
416 578 537 637 fortuna
558 575 691 650 copulati
707 592 830 636 snmus:
851 576 979 636 aliorum
1000 593 1095 638 aurea
1110 594 1160 638 ca—

190 659 493 736 contestariorum
520 660 605 733 laxa,
627 659 753 719 aliorum
779 665 844 719 arta
868 667 898 720 et
922 661 1058 722 sordida.
1102 663 1160 722 sed

193 747 267 824 quid
280 746 393 806 reiertt
420 744 526 804 eadem
541 743 681 805 custodia
694 744 856 804 universos
872 745 1071 806 circumdedit
1085 746 1160 805 adii-

191 832 316 906 gadque
337 835 408 889 sunt
427 829 517 888 etiam
536 827 588 902 qui
606 826 829 901 adligaverunt,
851 827 909 887 nisi
926 829 1003 889 torte
1018 836 1051 889 tu
1064 829 1159 889 levio-

190 930 254 974 rem
267 915 298 973 in
312 911 435 972 sinistra
446 917 583 971 catenam
596 917 701 984 putas:
714 911 804 970 alium
816 911 966 985 honores,
981 913 1073 972 alium
1081 929 1159 988 opes

191 997 337 1058 vinciunt.
362 992 513 1071 quosdam
532 993 689 1066 nobilitas,
710 994 860 1070 quosdam
874 994 1025 1056 humilitas
1040 997 1159 1071 premit.

193 1080 376 1156 quibusdam
395 1079 495 1139 aliena
509 1093 602 1153 supra
617 1086 709 1153 caput
727 1077 854 1152 imperia
868 1086 953 1152 sunt,
976 1079 1160 1153 quibusdam

193 1180 261 1225 sua
291 1163 443 1239 quosdam
463 1161 554 1221 exilia
573 1177 633 1221 uno
654 1162 757 1222 locut
744 1168 861 1236 t,enent
884 1163 1034 1236 quosdam
1054 1179 1158 1224 sacer-

160 1248 284 1314 tdotia.
314 1245 417 1306 Omnis
437 1246 499 1306 vita
513 1246 667 1305 servitium
689 1253 749 1309 est
773 1245 1029 1307 Adsuescendum
1043 1255 1092 1308 est
1105 1248 1158 1307 ita-

170 1344 255 1408 que
266 1329 438 1393 condicioni
452 1345 527 1390 suae
542 1336 572 1390 et
586 1345 676 1404 quam
686 1330 839 1389 minimum
851 1329 890 1389 de
904 1331 955 1391 iiia
970 1331 1159 1406 querendum

192 1425 223 1477 et
246 1415 392 1491 quicquid
410 1412 502 1474 habet
529 1413 610 1473 circa
638 1429 673 1473 se
700 1413 867 1487 commodi,
897 1415 1159 1490 adprendendum.

192 1499 296 1560 nibilt
283 1506 345 1559 tarn
362 1497 517 1563 acerbumv
528 1506 590 1570 est,
612 1497 641 1555 in
657 1513 719 1572 quo
734 1513 795 1557 non
811 1513 929 1573 aequus
944 1499 1063 1558 animus
1078 1500 1159 1560 sota·

192 1579 267 1644 tium
287 1581 429 1643 inveniat
457 1580 593 1656 Exiguae
614 1596 708 1656 saepe
729 1597 820 1641 areae
840 1580 870 1641 in
888 1583 1000 1643 multos
1013 1599 1090 1643 usus
1105 1583 1160 1644 de-

193 1665 353 1728 scribentis
375 1673 438 1726 arte
456 1673 618 1739 patuerunt
642 1673 672 1725 et
697 1665 841 1740 quamvis·
863 1674 1026 1740 angustum
1048 1667 1160 1741 pedem

193 1749 355 1825 dispositio
377 1749 447 1809 iecit
468 1747 668 1808 habitabilem.
698 1748 808 1808 adhibe
830 1750 977 1811 rationem
999 1750 1159 1811 difficulta-

192 1833 288 1893 tibus:
310 1839 442 1907 possunt
455 1840 485 1891 et
499 1833 575 1891 dura
589 1832 697 1892 molliri
711 1840 742 1892 et
756 1839 885 1906 angusta
898 1834 994 1894 laxari
1010 1842 1039 1893 et
1052 1836 1161 1908 gravia

160 1914 269 1981 sscite
293 1915 416 1975 ferentis
438 1916 537 1976 minus
559 1932 706 1990 premere.
735 1917 801 1975 Non
816 1923 887 1976 sunt
900 1925 1059 1992 praeterea
1074 1919 1159 1992 cupi·

194 2000 304 2061 ditates
328 2000 359 2058 in
380 1999 578 2075 longinquum
603 1999 779 2074 mittendae,
807 2000 864 2059 sed
888 2002 917 2059 in
942 2002 1074 2060 vicinum
1099 2002 1158 2061 iilis

192 2084 297 2158 egredi
316 2082 539 2159 permittamus,
570 2082 711 2158 quoniam
739 2083 852 2143 includi
879 2099 917 2143 ex
941 2092 1004 2146 toto
1026 2101 1087 2145 non
1107 2102 1159 2160 pa·

192 2168 313 2228 tiuntnr.
341 2166 455 2227 relictis
470 2166 534 2239 his,
551 2182 630 2242 quae
645 2173 696 2226 aut
711 2182 771 2226 non
786 2174 918 2242 possunt
931 2169 998 2228 fieri
1012 2176 1064 2228 aut
1079 2169 1160 2229 ditii-

192 2252 289 2312 euiter
304 2258 447 2331 possunt,
470 2266 568 2325 prope
590 2248 691 2325 posita
704 2253 834 2326 speique
848 2259 970 2312 nostrae
984 2252 1160 2313 adludentia

107 2338 109 2342 ‘
192 2351 371 2412 sequamur,
393 2334 449 2394 sed
464 2333 596 2394 sciamus
615 2333 715 2394 omnia
733 2350 832 2408 aeque
845 2335 925 2396 levia
939 2351 1026 2409 esse,
1046 2336 1159 2397 extrin-

192 2435 283 2479 secus
299 2419 438 2480 diversas
461 2417 556 2477 iacies
575 2416 729 2492 habentia,
758 2419 907 2479 introrsus
928 2420 1041 2495 pariter
1068 2436 1159 2480 vana.

192 2519 248 2562 nec
269 2503 458 2562 invideamus
479 2501 568 2562 altius
590 2501 752 2562 stantibus:
775 2517 854 2577 quae
874 2503 998 2565 excelsa
1012 2503 1160 2564 videban-

160 2593 253 2659 6tur,
275 2593 439 2661 praerupta
454 2592 533 2645 sunt.
561 2585 604 2644 llii
619 2602 741 2659 rursus,
764 2602 841 2660 quos
857 2603 926 2647 sors
941 2585 1044 2662 iniqua
1058 2588 1089 2647 in
1105 2604 1159 2647 an·

192 2669 275 2743 cipiti
290 2670 407 2744 posuit,
428 2669 555 2730 tutiores
569 2676 657 2728 erunt
672 2669 845 2744 superbiam
860 2671 1048 2731 detrahendo
1064 2671 1159 2732 rebus

192 2766 248 2825 per
262 2768 297 2812 se
312 2752 454 2827 superbis
476 2761 506 2812 et
524 2754 673 2813 fortunam
689 2769 791 2825 suam,
813 2770 903 2826 quam
923 2755 1053 2815 maxime
1074 2762 1159 2830 pote·

190 2842 277 2910 runt,
298 2835 328 2895 in
344 2837 467 2910 pianum
483 2835 658 2896 deferendo.
694 2837 777 2896 multi
794 2835 916 2911 quidem
937 2847 1024 2913 sunt,
1046 2838 1160 2913 quibus

191 2919 368 2980 necessario
393 2919 578 2978 haerendum
604 2921 643 2980 sit
663 2920 692 2979 in
714 2920 833 2994 fastigio
856 2937 927 2996 suo,
953 2937 993 2981 ex
1014 2938 1075 2997 quo
1097 2939 1159 2983 non

190 3010 324 3078 possunt
338 3002 396 3062 nisi
411 3001 549 3062 cadendo
566 3003 771 3064 descendere:
785 3004 843 3064 sed
856 3005 915 3065 hoc
931 3006 1031 3080 ipsum
1047 3015 1159 3066 testen-

190 3092 239 3146 tur
257 3084 420 3146 maximum
443 3101 520 3164 onus
542 3103 628 3146 suum
650 3103 736 3158 esse,
763 3088 847 3163 quod
867 3088 935 3148 aliis
956 3105 1067 3163 graves
1088 3105 1159 3150 esse

190 3177 351 3244 cogantur,
367 3184 424 3230 neo
439 3170 616 3234 sublevatos
631 3187 681 3242 se,
699 3171 756 3232 sed
770 3173 911 3233 suffixos.
927 3173 1054 3247 iustitia,
1075 3190 1157 3233 man-

190 3253 350 3314 suetudine
372 3254 518 3328 humana,
547 3255 635 3329 largo
656 3261 686 3314 et
710 3255 841 3331 benigna
865 3272 957 3316 manu
975 3265 1159 3332 praeparem

189 3338 281 3398 multa
295 3337 336 3398 ad
346 3338 502 3412 fecundos
517 3354 609 3399 casus
621 3339 787 3413 praesidia,
804 3355 933 3414 quorum
947 3356 1004 3416 spe
1018 3341 1157 3402 securius

189 3421 351 3497 pendeant.
392 3421 466 3482 nihii
492 3430 591 3482 tamen
612 3438 710 3496 aeque
735 3424 793 3483 iios
821 3422 859 3483 ab
879 3422 928 3484 his
950 3424 1040 3484 animi
1060 3424 1156 3485 flucti-

189 3505 248 3565 bus
263 3506 476 3578 vindicaverit,
495 3522 584 3581 quam
608 3521 730 3580 semper
744 3506 875 3582 aliquem
889 3508 1083 3569 incrementis
1099 3521 1157 3570 ter·
