2438 3968
202 266 254 322 AD
277 265 459 324 Manciam
479 265 529 322 DE
549 264 848 324 CONSOLATIONE.
870 274 914 326 22.
929 274 973 326 ⁶23.
1020 266 1083 327 136

102 420 255 496 perlldum
278 418 421 478 militem?
453 426 650 479 consecratur
664 418 859 493 subscriptio.
891 429 921 478 et
941 421 1084 479 acerrimi

103 519 212 577 canes,
240 519 317 578 quos
338 503 387 561 illc
410 509 443 561 ut
463 503 519 561 sibi
542 504 592 561 uni
613 509 808 574 mansuetus,
836 503 978 562 omnibus
997 505 1081 564 leros

103 589 238 660 haberet,
255 586 403 660 sanguine
417 586 550 646 humano
567 585 726 662 pascebat,
743 586 967 646 circumlatrare
983 586 1079 647 horrui-

103 688 173 731 nem
188 679 218 730 et
229 670 289 730 iam
304 671 387 729 illum
408 671 599 744 impetratum
614 669 771 745 incipiunt.
800 669 878 742 Quid
893 671 1026 731 laceret?
1053 671 1112 738 sio

103 757 209 814 vivere
224 756 328 828 vellet,
343 752 474 815 Seianus
490 755 646 829 rogandus
661 762 739 824 erat,
756 755 782 812 si
798 753 889 827 mori,
904 754 981 829 filia,
1000 761 1079 814 uter-

105 855 166 914 que
190 836 402 897 inexorabilis:
436 839 590 899 constituit
614 838 706 897 liliam
733 838 846 896 lallere.
879 855 954 898 usus
977 837 1081 912 itaque

103 923 242 994 balineo,
267 927 319 995 [et]
343 939 404 996 quo
424 924 495 997 plus
510 921 617 983 virium
633 930 774 997 poneret,
798 923 828 980 in
850 922 1022 982 cubiculum
1046 938 1081 980 se

105 1006 194 1082 quasi
209 1014 385 1080 gustaturus
405 1007 530 1066 contulit
544 1013 574 1066 et
589 1005 723 1066 dimissis
742 1005 845 1080 pueris
861 1007 1010 1081 quaedam
1026 1021 1082 1080 per

104 1094 286 1162 fenestram,
303 1100 335 1150 ut
351 1090 504 1150 videretur
518 1089 637 1164 edisse,
653 1090 790 1166 proiecit.
814 1106 832 1148 a
847 1105 945 1150 coena
959 1089 1081 1163 deinde,

105 1176 195 1248 quasi
209 1175 268 1234 iam
285 1174 359 1233 satis
373 1175 403 1234 in
418 1173 557 1234 cubiculo
574 1175 697 1247 edisset,
713 1173 864 1234 abstinuit.
893 1173 988 1234 altero
1005 1190 1081 1250 quo·
1116 1243 1118 1249 ,

106 1275 167 1334 que
183 1260 231 1318 die
247 1267 278 1318 et
290 1258 378 1318 tertio
392 1258 474 1317 idem
489 1259 569 1317 lecit.
598 1265 724 1332 quartus
745 1258 814 1332 ipsa
829 1257 1000 1318 infirmitate
1014 1274 1080 1317 cor·

105 1344 191 1418 poris
207 1342 337 1402 iaciebat
351 1342 505 1401 indicium.
528 1343 699 1416 conplexus
713 1342 817 1415 itaque
831 1349 875 1400 te:
893 1341 1081 1418 „carissima

105 1428 217 1502 inquit,
241 1426 302 1484 lilia
324 1434 353 1485 et
373 1427 432 1487 hoc
455 1443 548 1487 unum
561 1432 624 1485 tota
639 1426 736 1484 celata
752 1424 826 1500 vita,
847 1426 903 1484 iter
916 1427 1022 1485 mortis
1036 1425 1081 1484 in-

105 1527 234 1586 gressus
249 1526 316 1569 sum
334 1519 364 1571 et
378 1511 436 1569 iarn
452 1511 585 1569 medium
600 1510 663 1568 lere
677 1517 777 1569 teneo.
800 1525 947 1569 revocare
963 1525 1010 1568 me
1024 1525 1082 1567 nec

107 1595 203 1654 debes
218 1608 275 1652 nec
290 1598 410 1668 potes.“
439 1602 531 1668 atque
545 1593 586 1653 ita
601 1592 689 1651 iussit
703 1593 805 1652 lumen
821 1591 1082 1668 omne‘praerludi

106 1688 187 1737 etse
202 1678 232 1736 in
249 1677 391 1737 tenebras
406 1678 550 1736 condidit.
580 1676 706 1750 Cognito
729 1677 856 1737 consilio
879 1677 945 1737 eius
961 1675 1111 1751 publicar

107 1762 251 1835 voluptas
266 1769 345 1834 erat,
368 1762 452 1837 quod
474 1778 491 1820 e
514 1760 653 1820 saucibus
674 1759 921 1822 avidissimorum
942 1762 1083 1835 luporum

106 1847 290 1904 educeretur
309 1847 434 1920 praeda.
467 1852 663 1905 accusatores
686 1843 797 1904 Seiano
826 1852 950 1905 auctore
971 1846 1084 1905 adeunt

106 1930 267 1989 consulum
290 1928 464 2002 tribunalia,
487 1934 653 2004 queruntur
673 1927 750 1989 mori
773 1928 919 2003 Cordum,
942 1938 973 1989 ut
992 1929 1082 1990 inter·

107 2016 257 2089 pellentes
285 2014 368 2087 quod
398 2020 576 2088 coegerant:
604 2013 681 2073 adeo
702 2012 761 2072 illis
784 2013 903 2073 Cordus
923 2013 1085 2073 videbatur

110 2097 256 2171 effugere.
289 2097 402 2172 Magna
415 2113 465 2156 res
487 2104 566 2167 erat,
589 2097 643 2172 [in]
669 2096 849 2171 quaestione
869 2113 908 2156 an
929 2102 1025 2155 morte
1039 2095 1114 2159 reis

108 2181 317 2256 perderentur.
353 2183 424 2241 dum
446 2182 642 2253 deliberatur,
665 2181 735 2239 dum
759 2188 956 2241 accusatores
975 2181 1083 2240 iterum

108 2265 236 2336 adeunt,
252 2265 301 2324 ille
317 2282 351 2324 se
366 2266 549 2326 absolverat.
571 2265 723 2337 Videsne,
737 2264 865 2338 Marcia,
882 2271 1014 2339 quantae
1028 2262 1083 2322 ini·

108 2365 240 2422 quorum
267 2355 437 2424 temporum
464 2350 549 2409 vices
576 2365 616 2408 ex
640 2347 796 2444 inopinato
822 2347 984 2422 ingmantt
1016 2345 1084 2420 iles,

107 2433 196 2507 quod
212 2433 300 2492 alicui
321 2440 441 2493 tuorum
456 2433 534 2493 mori
550 2447 681 2493 necesse
695 2428 769 2493 lurtt
796 2447 895 2507 paene
915 2447 976 2490 non
992 2430 1084 2491 licuit.

166 2516 270 2575 XXIII.
292 2515 414 2576 Praeter
434 2516 492 2577 hoc
514 2515 598 2592 quod
614 2528 703 2575 omne
723 2515 857 2575 loturum
877 2514 1025 2574 incertum
1040 2519 1115 2575 estl

109 2609 141 2660 et
158 2600 197 2658 ad
213 2599 364 2660 deteriora
379 2601 500 2672 certius,
518 2599 741 2659 facillimum
764 2601 809 2658 ad
825 2614 990 2673 superos
1011 2598 1086 2658 iter

109 2692 170 2744 est
190 2682 331 2743 animis
353 2684 430 2744 cito
452 2684 496 2743 ab
516 2683 678 2743 humana
704 2682 1009 2743 conversatione
1030 2681 1085 2742 di·

109 2767 253 2827 missis,
296 2768 449 2828 minimum
481 2767 559 2826 enim
593 2767 687 2825 laecis
719 2765 891 2842 [ponderis]
920 2773 1086 2827 traxerunt.

111 2859 274 2924 antequam
291 2852 480 2911 obducerent
494 2858 525 2910 et
539 2850 628 2910 altius
643 2856 763 2910 terrena
779 2849 990 2924 conciperent,
1012 2849 1087 2910 libe·

108 2937 181 3006 rati,
203 2936 336 2995 leviores
351 2933 552 3010 adoriginem
568 2949 655 2994 suam
667 2933 807 2994 revolant
821 2941 851 2992 et
867 2932 986 2994 lucilius
1002 2933 1086 3009 quic·

111 3020 184 3100 quid
213 3027 260 3078 est
290 3019 365 3079 illud
391 3014 520 3079 obsoleti
547 3016 683 3091 inlitique
708 3017 820 3078 eluunt.
857 3032 914 3076 nec
943 3031 1117 3092 umquama

109 3103 230 3178 magnis
252 3103 381 3178 ingeniis
404 3117 472 3162 cara
497 3099 526 3162 in
550 3117 680 3176 corpore
700 3118 785 3165 mora
807 3109 863 3161 est.
891 3101 975 3162 exire
996 3108 1088 3177 atque

108 3202 274 3261 erumpere
294 3187 441 3263 gestiunt,
463 3200 554 3260 aegre
569 3185 625 3246 has
640 3186 797 3260 angustias
816 3186 929 3257 lerunt,
950 3186 1020 3260 vagi
1034 3200 1089 3260 per

113 3287 218 3344 omne,
248 3271 394 3332 sublimes
416 3277 506 3330 etex
529 3271 590 3329 alto
617 3268 735 3330 adsueti
757 3269 891 3328 humana
911 3270 1087 3345 despicere:

113 3357 185 3415 inde
200 3363 247 3415 est
269 3356 351 3430 quod
365 3353 470 3415 Platon
488 3356 612 3414 clamat:
634 3352 782 3427 sapientis
802 3353 933 3432 animum
949 3361 1041 3414 totum
1057 3354 1086 3412 in

112 3447 241 3504 mortem
256 3439 446 3514 prominere,
466 3438 527 3498 hoc
541 3437 635 3511 velle,
650 3436 710 3497 hoc
723 3437 877 3510 meditari,
892 3437 950 3498 hac
966 3453 1089 3512 semper

112 3523 260 3600 cupidine
276 3523 345 3590 lerri
367 3523 396 3590 in
418 3520 569 3590 exteriora
585 3519 768 3585 tendentem.
802 3520 879 3598 Quid
894 3528 941 3598 tu,
964 3519 1120 3597 Marcia&
1189 3587 1190 3590 ,
