2438 3968
134 243 198 309 238
292 244 325 303 L.
346 243 491 304 ANNAEI
514 245 689 305 SENECAE
709 248 810 307 DIAL.
825 248 889 307 llll.

137 399 213 474 Quid
236 397 319 472 quod
335 397 424 457 novis
440 398 541 457 verbis
555 413 612 458 nec
627 413 666 458 ex
680 398 799 474 volgari
813 406 843 459 ct
856 401 1010 460 cotidiana
1025 418 1111 462 sum·

137 484 196 559 ptis
216 482 409 542 adlocutione
430 497 509 555 opus
530 492 594 543 erat
613 481 728 542 homini
748 484 788 543 ad
804 485 1015 545 consolandos
1030 502 1111 546 suos

135 584 174 628 ex
194 567 264 641 ipso
283 582 360 641 rogo
383 573 473 640 caput
496 566 666 626 adlevanti?
698 567 797 627 omnis
812 575 911 628 autern
928 570 1111 643 magnitudo

135 650 251 714 doloris
268 651 392 712 modum
415 651 592 709 excedentis
611 666 741 711 necesse
762 658 810 712 est
829 652 980 712 delectum
994 655 1108 715 verbo·

133 753 201 797 rum
215 735 331 810 eripiat,
347 749 415 794 cum
430 749 525 808 saepe
541 751 647 794 vocem
660 751 783 810 quoque
798 735 897 810 ipsam
911 739 1108 798 intercludat

102 823 118 876 4
133 821 304 896 Utcumque
322 817 460 879 connilar
473 834 533 876 non
550 818 661 878 fiducia
675 818 796 894 ingenii,
816 819 872 879 scd
888 821 960 895 quia
976 838 1107 896 possum

134 905 230 967 instar
250 902 481 963 efficacissimae
503 902 722 962 consolationis
743 918 815 963 esse
829 901 898 977 ipse
916 907 1114 966 consolator.-

134 989 181 1048 cui
201 988 273 1046 nihil
295 1002 441 1062 negares,
468 985 539 1045 huic
558 985 618 1045 hoc
637 986 743 1061 utique
762 994 792 1046 te
812 1003 873 1046 non
890 1002 962 1048 esse
978 998 1107 1064 negatu-

132 1089 213 1146 ram,
234 1072 304 1130 licet
318 1071 415 1129 omnis
432 1086 553 1130 moeror
567 1079 728 1130 contumax
744 1071 796 1145 sit,
811 1086 921 1146 spero,
935 1078 969 1130 ut
982 1073 1106 1133 deside

132 1156 177 1215 rio
194 1163 244 1215 tuo
258 1155 369 1213 velis-a
382 1170 431 1212 me
445 1155 567 1214 modum
583 1155 682 1214 statui.

108 1253 119 1302 t
193 1240 229 1298 ΙΙ.
250 1239 330 1298 Vide
346 1245 489 1314 quantum
502 1238 541 1296 de
552 1238 736 1312 indulgentia
747 1246 799 1297 tua
811 1239 1002 1312 promiserim
1015 1241 1105 1299 milii:

133 1324 334 1398 potentiorem
355 1338 403 1382 me
424 1324 556 1383 futurum
571 1323 652 1396 apud
667 1330 697 1381 te
711 1338 772 1382 non
789 1322 893 1382 dubito
910 1331 1001 1396 quam
1017 1325 1104 1383 dolo·

132 1424 195 1468 rem
210 1414 307 1480 tuum,
331 1423 391 1482 quo
407 1407 479 1466 nihil
496 1413 543 1466 est
557 1406 639 1480 apud
654 1404 784 1466 miseros
799 1405 963 1480 potentius.
997 1408 1105 1482 ltaque

134 1508 171 1552 ne
193 1492 291 1552 statim
313 1507 381 1551 curn
402 1507 440 1551 eo
461 1506 653 1563 concurram,
675 1490 768 1549 adero
790 1489 873 1564 prins
888 1489 929 1549 illi
944 1499 975 1550 et
991 1491 1104 1565 quibus

133 1577 280 1637 excitetur
294 1577 439 1650 ingeram.
469 1573 593 1635 omnia
609 1575 800 1648 proferam
817 1574 1103 1648 etrescindam,

104 1666 235 1734 aquae
256 1661 326 1719 iam
350 1660 631 1720 obductasunt.
663 1657 749 1717 Dicet
763 1656 888 1732 aliquis=
914 1661 1027 1733 „quod
1046 1661 1103 1719 lroc

133 1759 230 1818 genus
247 1749 294 1803 est
308 1743 497 1816 consolandi,
513 1743 671 1802 obliterata
681 1743 760 1800 mala
770 1756 916 1800 revocare
928 1748 959 1801 et
970 1743 1104 1803 animum

134 1827 162 1885 in
180 1826 312 1886 omnium
327 1843 536 1887 aerumnarum
553 1842 675 1886 suarum
691 1832 858 1900 conspectu
874 1826 1103 1906 conlocarevix

133 1911 224 1970 unius
240 1910 444 1985 patientema“
466 1911 522 1972 scd
537 1911 563 1970 is
579 1910 701 1984 cogitet,
719 1924 930 1983 quaecumque
945 1906 1103 1986 usqueeo

134 1994 307 2069 perniciosa
326 2002 410 2066 sunt,
433 2002 467 2055 ut
483 2002 587 2054 contra
606 1991 772 2053 remedium
794 1995 1018 2068 convaluerint,
1042 1998 1102 2069 ple

132 2094 261 2153 rumque
287 2078 445 2138 contrariis
466 2078 574 2139 curari.
608 2078 705 2137 omnis
726 2078 828 2151 itaque
842 2077 941 2136 luctus
960 2079 1001 2137 illi
1017 2095 1102 2151 suos,

135 2161 235 2224 omnia
249 2162 388 2237 lugubria
402 2161 588 2222 admovebo·
602 2163 661 2222 hoc
672 2160 732 2222 ,erit
745 2177 804 2220 non
822 2161 904 2220 molli
915 2163 966 2220 via
977 2163 1102 2235 mederi,

133 2248 190 2308 sed
207 2263 295 2306 urere
310 2261 346 2306 ac
362 2262 477 2305 secare.
501 2246 578 2319 Quid
593 2253 785 2320 consequar?
799 2253 833 2305 ut
844 2245 957 2319 pudeat
970 2246 1102 2305 animum

135 2339 177 2392 tot
191 2331 379 2391 miseriarum
395 2332 539 2391 victorem
555 2346 646 2405 aegre
661 2333 739 2388 terre
754 2345 845 2389 unum
860 2331 974 2389 volnus
990 2330 1020 2388 in
1037 2346 1103 2390 cor-

105 2419 209 2490 3porc
235 2424 294 2475 tam
322 2415 511 2475 cicatricoso.
542 2414 647 2474 Fleant
672 2414 773 2486 itaque
795 2413 906 2472 diutius
925 2422 954 2473 et
970 2422 1103 2488 gemant,

135 2517 263 2574 quorum
285 2500 430 2558 delicatas
452 2504 568 2558 urentes
588 2496 744 2556 enervavit
764 2498 854 2570 longa
874 2497 1002 2557 lelicitas
1019 2504 1050 2557 et
1065 2498 1103 2557 ad

133 2584 354 2644 levissimarum
375 2583 548 2642 iniuriarum
569 2589 667 2641 motus
690 2580 900 2639 enotabantur:
923 2589 953 2641 at
974 2598 1102 2656 quorum

135 2683 242 2729 omnes
257 2668 328 2725 anni
345 2681 401 2740 per
417 2665 601 2726 calamitates
616 2665 813 2737 transierunt,
828 2665 1011 2738 gravissima
1027 2683 1101 2741 quo·

135 2767 195 2825 que
215 2752 282 2811 lorti
304 2758 334 2811 et
354 2749 490 2810 inmobili
511 2749 679 2810 constantia
702 2749 862 2822 perierant.
895 2749 995 2809 Unum
1010 2750 1103 2809 habet

134 2835 264 2894 adsidua
278 2835 436 2894 infelicitas
451 2833 579 2904 bonum,
596 2833 679 2907 quod
695 2850 773 2905 quos
787 2849 910 2906 semper
922 2842 1030 2907 vexat,
1049 2851 1101 2893 no-

104 2919 259 2978 ivissime
274 2919 403 2978 indurat.
425 2918 542 2977 Nullam
556 2916 608 2976 tibi
624 2919 743 2976 fortuna
762 2917 951 2976 vacationem
963 2916 1058 2990 dedit,
1075 2926 1112 2978 et-

133 3001 322 3078 gravissimis
347 3001 477 3061 luctibus
503 3017 542 3060 ne
568 3002 695 3060 natalem
716 3001 838 3073 quidem
859 3010 942 3060 tuum
965 3003 1102 3076 excepit:

133 3086 262 3148 amisisti
280 3093 405 3146 matrem
426 3085 524 3146 statim
545 3091 630 3158 nata,
651 3086 827 3144 immodum
844 3085 995 3158 nesactio,
1018 3093 1049 3146 ct
1065 3086 1104 3145 ad

133 3171 223 3230 vitam
245 3170 471 3245 quodammodo
497 3168 638 3243 exposita
658 3185 703 3228 es.
736 3169 862 3228 Crevisti
880 3170 938 3228 sub
958 3186 1103 3230 noverca.

137 3271 227 3327 qtram
242 3263 273 3314 tu
289 3255 411 3328 quidem
428 3253 508 3313 omni
524 3254 673 3327 obsequio
690 3259 718 3310 et
734 3254 858 3326 pietate,
881 3262 993 3327 quanta
1009 3257 1057 3313 vel
1074 3253 1104 3313 in

136 3336 198 3396 iilia
218 3337 354 3412 conspici
378 3346 491 3411 potest,
517 3345 640 3396 matrem
662 3336 727 3396 fieri
744 3337 880 3411 coegisti.
916 3338 987 3397 nulli
1002 3346 1104 3398 tamen

136 3436 197 3480 non
213 3436 323 3494 niagno
338 3422 472 3481 constitit
485 3422 573 3482 etiarn
588 3420 668 3481 bona
682 3436 823 3480 noverca.
852 3424 1048 3482 Avunculum
1060 3423 1105 3482 in-

136 3503 412 3578 dulgentissimum,
443 3506 586 3579 optimum
613 3520 649 3565 ac
674 3505 869 3566 fortissimum
898 3507 1009 3573 virum,
1035 3523 1105 3566 cum
