<?xml version="1.0" encoding="UTF-8"?>
<!DOCTYPE html PUBLIC "-//W3C//DTD XHTML 1.0 Transitional//EN"
    "http://www.w3.org/TR/xhtml1/DTD/xhtml1-transitional.dtd">
<html xmlns="http://www.w3.org/1999/xhtml" xml:lang="en" lang="en">
 <head>
  <title>
</title>
<meta http-equiv="Content-Type" content="text/html;charset=utf-8" />
  <meta name='ocr-system' content='tesseract 3.04.00' />
  <meta name='ocr-capabilities' content='ocr_page ocr_carea ocr_par ocr_line ocrx_word'/>
</head>
<body>
  <div class='ocr_page' id='page_1' title='image "./lannaeisenecaeo05senegoog_0043.png"; bbox 0 0 2438 3968; ppageno 0'>
   <div class='ocr_carea' id='block_1_1' title="bbox 127 241 1024 311">
    <p class='ocr_par' dir='ltr' id='par_1_1' title="bbox 127 241 1024 311">
     <span class='ocr_line' id='line_1_1' title="bbox 127 241 1024 311; baseline -0.007 0"><span class='ocrx_word' id='word_1_1' title='bbox 127 247 169 311; x_wconf 74' lang='lat'><strong>28</strong></span> <span class='ocrx_word' id='word_1_2' title='bbox 216 246 319 308; x_wconf 73' lang='lat' dir='ltr'><strong>elau</strong></span> <span class='ocrx_word' id='word_1_3' title='bbox 335 244 372 304; x_wconf 91' lang='lat'><strong>11.</strong></span> <span class='ocrx_word' id='word_1_4' title='bbox 398 245 453 311; x_wconf 74' lang='lat' dir='ltr'><strong>Ab</strong></span> <span class='ocrx_word' id='word_1_5' title='bbox 469 242 654 305; x_wconf 83' lang='lat' dir='ltr'>SERENUM</span> <span class='ocrx_word' id='word_1_6' title='bbox 666 242 741 304; x_wconf 80' lang='lat' dir='ltr'><strong>NEC</strong></span> <span class='ocrx_word' id='word_1_7' title='bbox 753 241 935 304; x_wconf 81' lang='lat' dir='ltr'><strong>INIURIAM</strong></span> <span class='ocrx_word' id='word_1_8' title='bbox 947 242 1024 305; x_wconf 81' lang='lat' dir='ltr'><strong>NEC</strong></span> 
     </span>
    </p>
   </div>
   <div class='ocr_carea' id='block_1_2' title="bbox 101 394 1112 1391">
    <p class='ocr_par' dir='ltr' id='par_1_2' title="bbox 101 394 1112 1391">
     <span class='ocr_line' id='line_1_2' title="bbox 129 394 1111 473; baseline -0.001 -11"><span class='ocrx_word' id='word_1_9' title='bbox 129 401 172 462; x_wconf 93' lang='lat' dir='ltr'><strong>illi</strong></span> <span class='ocrx_word' id='word_1_10' title='bbox 191 401 270 460; x_wconf 91' lang='lat' dir='ltr'><strong>inter</strong></span> <span class='ocrx_word' id='word_1_11' title='bbox 287 398 375 473; x_wconf 88' lang='lat' dir='ltr'><strong>ipsos</strong></span> <span class='ocrx_word' id='word_1_12' title='bbox 395 394 589 473; x_wconf 80' lang='lat' dir='ltr'><strong>magistratus</strong></span> <span class='ocrx_word' id='word_1_13' title='bbox 608 404 718 471; x_wconf 80' lang='lat' dir='ltr'><strong>gerunt</strong></span> <span class='ocrx_word' id='word_1_14' title='bbox 737 403 767 457; x_wconf 90' lang='lat' dir='ltr'><strong>et</strong></span> <span class='ocrx_word' id='word_1_15' title='bbox 788 404 974 472; x_wconf 72' lang='lat' dir='ltr'><strong>praetextam</strong></span> <span class='ocrx_word' id='word_1_16' title='bbox 989 399 1111 461; x_wconf 71' lang='lat' dir='ltr'><strong>fasces</strong></span> 
     </span>
     <span class='ocr_line' id='line_1_3' title="bbox 131 481 1112 562; baseline -0.003 -16"><span class='ocrx_word' id='word_1_17' title='bbox 131 500 192 562; x_wconf 91' lang='lat' dir='ltr'><strong>que</strong></span> <span class='ocrx_word' id='word_1_18' title='bbox 206 498 244 543; x_wconf 87' lang='lat' dir='ltr'><strong>ac</strong></span> <span class='ocrx_word' id='word_1_19' title='bbox 256 482 387 542; x_wconf 91' lang='lat' dir='ltr'><strong>tribunal</strong></span> <span class='ocrx_word' id='word_1_20' title='bbox 401 481 570 554; x_wconf 86' lang='lat' dir='ltr'><strong>imitantur,</strong></span> <span class='ocrx_word' id='word_1_21' title='bbox 592 481 623 541; x_wconf 89' lang='lat' dir='ltr'><strong>hi</strong></span> <span class='ocrx_word' id='word_1_22' title='bbox 638 482 745 541; x_wconf 90' lang='lat' dir='ltr'><strong>eadem</strong></span> <span class='ocrx_word' id='word_1_23' title='bbox 759 481 790 540; x_wconf 91' lang='lat' dir='ltr'><strong>iu</strong></span> <span class='ocrx_word' id='word_1_24' title='bbox 808 497 917 556; x_wconf 88' lang='lat' dir='ltr'><strong>campo</strong></span> <span class='ocrx_word' id='word_1_25' title='bbox 933 483 1066 558; x_wconf 87' lang='lat' dir='ltr'><strong>loroque</strong></span> <span class='ocrx_word' id='word_1_26' title='bbox 1081 489 1112 544; x_wconf 85' lang='lat' dir='ltr'><strong>et</strong></span> 
     </span>
     <span class='ocr_line' id='line_1_4' title="bbox 129 563 1110 639; baseline -0.003 -10"><span class='ocrx_word' id='word_1_27' title='bbox 129 566 258 630; x_wconf 88' lang='lat' dir='ltr'><strong>incuria</strong></span> <span class='ocrx_word' id='word_1_28' title='bbox 272 567 353 627; x_wconf 83' lang='lat' dir='ltr'><strong>serio</strong></span> <span class='ocrx_word' id='word_1_29' title='bbox 368 565 483 625; x_wconf 85' lang='lat' dir='ltr'><strong>ludunt</strong></span> <span class='ocrx_word' id='word_1_30' title='bbox 519 565 560 624; x_wconf 90' lang='lat' dir='ltr'><strong>illi</strong></span> <span class='ocrx_word' id='word_1_31' title='bbox 574 565 605 624; x_wconf 96' lang='lat' dir='ltr'><strong>in</strong></span> <span class='ocrx_word' id='word_1_32' title='bbox 620 563 759 625; x_wconf 88' lang='lat' dir='ltr'><strong>litoribus</strong></span> <span class='ocrx_word' id='word_1_33' title='bbox 774 580 886 625; x_wconf 90' lang='lat' dir='ltr'><strong>arenae</strong></span> <span class='ocrx_word' id='word_1_34' title='bbox 900 572 1052 639; x_wconf 83' lang='lat' dir='ltr'><strong>congestu</strong></span> <span class='ocrx_word' id='word_1_35' title='bbox 1068 564 1110 626; x_wconf 91' lang='lat' dir='ltr'><strong>si-</strong></span> 
     </span>
     <span class='ocr_line' id='line_1_5' title="bbox 129 647 1112 725; baseline -0.002 -13"><span class='ocrx_word' id='word_1_36' title='bbox 129 653 263 713; x_wconf 90' lang='lat' dir='ltr'><strong>mulacra</strong></span> <span class='ocrx_word' id='word_1_37' title='bbox 277 651 422 710; x_wconf 88' lang='lat' dir='ltr'><strong>domuum</strong></span> <span class='ocrx_word' id='word_1_38' title='bbox 436 649 583 723; x_wconf 90' lang='lat' dir='ltr'><strong>excitant,</strong></span> <span class='ocrx_word' id='word_1_39' title='bbox 603 647 634 708; x_wconf 87' lang='lat' dir='ltr'><strong>hi</strong></span> <span class='ocrx_word' id='word_1_40' title='bbox 649 656 682 708; x_wconf 90' lang='lat' dir='ltr'><strong>ut</strong></span> <span class='ocrx_word' id='word_1_41' title='bbox 694 664 835 723; x_wconf 83' lang='lat' dir='ltr'><strong>magnum</strong></span> <span class='ocrx_word' id='word_1_42' title='bbox 850 649 965 725; x_wconf 86' lang='lat' dir='ltr'><strong>aliquid</strong></span> <span class='ocrx_word' id='word_1_43' title='bbox 979 658 1112 724; x_wconf 82' lang='lat' dir='ltr'><strong>agentes</strong></span> 
     </span>
     <span class='ocr_line' id='line_1_6' title="bbox 129 731 1111 811; baseline -0.004 -14"><span class='ocrx_word' id='word_1_44' title='bbox 129 736 160 798; x_wconf 92' lang='lat' dir='ltr'><strong>iu</strong></span> <span class='ocrx_word' id='word_1_45' title='bbox 174 733 328 811; x_wconf 87' lang='lat' dir='ltr'><strong>lapidibus</strong></span> <span class='ocrx_word' id='word_1_46' title='bbox 344 749 381 793; x_wconf 93' lang='lat' dir='ltr'><strong>ac</strong></span> <span class='ocrx_word' id='word_1_47' title='bbox 395 732 563 808; x_wconf 86' lang='lat' dir='ltr'><strong>parietibus</strong></span> <span class='ocrx_word' id='word_1_48' title='bbox 578 739 608 793; x_wconf 89' lang='lat' dir='ltr'><strong>et</strong></span> <span class='ocrx_word' id='word_1_49' title='bbox 624 732 712 794; x_wconf 88' lang='lat' dir='ltr'><strong>tectis</strong></span> <span class='ocrx_word' id='word_1_50' title='bbox 727 732 888 792; x_wconf 81' lang='lat' dir='ltr'><strong>moliendis</strong></span> <span class='ocrx_word' id='word_1_51' title='bbox 906 731 1049 808; x_wconf 88' lang='lat' dir='ltr'><strong>occupati</strong></span> <span class='ocrx_word' id='word_1_52' title='bbox 1064 741 1111 794; x_wconf 90' lang='lat' dir='ltr'><strong>tu·</strong></span> 
     </span>
     <span class='ocr_line' id='line_1_7' title="bbox 130 815 1111 894; baseline -0.004 -13"><span class='ocrx_word' id='word_1_53' title='bbox 130 821 208 882; x_wconf 85' lang='lat' dir='ltr'><strong>telae</strong></span> <span class='ocrx_word' id='word_1_54' title='bbox 223 833 388 894; x_wconf 90' lang='lat' dir='ltr'><strong>corporum</strong></span> <span class='ocrx_word' id='word_1_55' title='bbox 402 817 526 876; x_wconf 87' lang='lat' dir='ltr'><strong>inventa</strong></span> <span class='ocrx_word' id='word_1_56' title='bbox 539 815 570 876; x_wconf 90' lang='lat' dir='ltr'><strong>in</strong></span> <span class='ocrx_word' id='word_1_57' title='bbox 584 815 751 891; x_wconf 89' lang='lat' dir='ltr'><strong>pericnlum</strong></span> <span class='ocrx_word' id='word_1_58' title='bbox 770 822 934 877; x_wconf 80' lang='lat' dir='ltr'><strong>verterunt</strong></span> <span class='ocrx_word' id='word_1_59' title='bbox 962 831 1036 891; x_wconf 79' lang='lat' dir='ltr'><strong>ergo</strong></span> <span class='ocrx_word' id='word_1_60' title='bbox 1053 833 1111 892; x_wconf 90' lang='lat' dir='ltr'><strong>par</strong></span> 
     </span>
     <span class='ocr_line' id='line_1_8' title="bbox 125 900 1111 980; baseline -0.005 -15"><span class='ocrx_word' id='word_1_61' title='bbox 125 903 234 980; x_wconf 86' lang='lat' dir='ltr'><strong>pueris</strong></span> <span class='ocrx_word' id='word_1_62' title='bbox 249 900 433 977; x_wconf 78' lang='lat' dir='ltr'><strong>longiusque</strong></span> <span class='ocrx_word' id='word_1_63' title='bbox 448 900 633 975; x_wconf 81' lang='lat' dir='ltr'><strong>progressis,</strong></span> <span class='ocrx_word' id='word_1_64' title='bbox 646 900 703 959; x_wconf 91' lang='lat' dir='ltr'><strong>sed</strong></span> <span class='ocrx_word' id='word_1_65' title='bbox 713 900 744 959; x_wconf 91' lang='lat' dir='ltr'><strong>iu</strong></span> <span class='ocrx_word' id='word_1_66' title='bbox 757 900 817 960; x_wconf 85' lang='lat' dir='ltr'><strong>alia</strong></span> <span class='ocrx_word' id='word_1_67' title='bbox 829 900 1007 975; x_wconf 90' lang='lat' dir='ltr'><strong>maioraque</strong></span> <span class='ocrx_word' id='word_1_68' title='bbox 1021 914 1111 960; x_wconf 85' lang='lat' dir='ltr'><strong>error</strong></span> 
     </span>
     <span class='ocr_line' id='line_1_9' title="bbox 101 982 1111 1059; baseline -0.002 -11"><span class='ocrx_word' id='word_1_69' title='bbox 101 985 187 1048; x_wconf 63' lang='lat' dir='ltr'><strong>dest.</strong></span> <span class='ocrx_word' id='word_1_70' title='bbox 214 987 282 1047; x_wconf 87' lang='lat' dir='ltr'><strong>Non</strong></span> <span class='ocrx_word' id='word_1_71' title='bbox 304 984 444 1046; x_wconf 86' lang='lat' dir='ltr'><strong>inmerito</strong></span> <span class='ocrx_word' id='word_1_72' title='bbox 465 985 569 1059; x_wconf 88' lang='lat' dir='ltr'><strong>itaque</strong></span> <span class='ocrx_word' id='word_1_73' title='bbox 590 984 699 1045; x_wconf 91' lang='lat' dir='ltr'><strong>horum</strong></span> <span class='ocrx_word' id='word_1_74' title='bbox 720 982 920 1044; x_wconf 80' lang='lat' dir='ltr'><strong>contumelias</strong></span> <span class='ocrx_word' id='word_1_75' title='bbox 935 983 1063 1059; x_wconf 90' lang='lat' dir='ltr'><strong>sapiens</strong></span> <span class='ocrx_word' id='word_1_76' title='bbox 1077 991 1111 1046; x_wconf 87' lang='lat' dir='ltr'><strong>ul</strong></span> 
     </span>
     <span class='ocr_line' id='line_1_10' title="bbox 131 1066 1110 1144; baseline -0.003 -13"><span class='ocrx_word' id='word_1_77' title='bbox 131 1071 218 1131; x_wconf 89' lang='lat' dir='ltr'><strong>iocos</strong></span> <span class='ocrx_word' id='word_1_78' title='bbox 238 1068 358 1144; x_wconf 87' lang='lat' dir='ltr'><strong>accipit.</strong></span> <span class='ocrx_word' id='word_1_79' title='bbox 398 1076 428 1129; x_wconf 92' lang='lat' dir='ltr'><strong>et</strong></span> <span class='ocrx_word' id='word_1_80' title='bbox 447 1068 612 1143; x_wconf 89' lang='lat' dir='ltr'><strong>aliquando</strong></span> <span class='ocrx_word' id='word_1_81' title='bbox 633 1066 702 1126; x_wconf 93' lang='lat' dir='ltr'><strong>illos</strong></span> <span class='ocrx_word' id='word_1_82' title='bbox 722 1074 876 1143; x_wconf 90' lang='lat' dir='ltr'><strong>tamquam</strong></span> <span class='ocrx_word' id='word_1_83' title='bbox 898 1083 1012 1142; x_wconf 89' lang='lat' dir='ltr'><strong>pueros</strong></span> <span class='ocrx_word' id='word_1_84' title='bbox 1026 1070 1110 1128; x_wconf 92' lang='lat' dir='ltr'><strong>malo</strong></span> 
     </span>
     <span class='ocr_line' id='line_1_11' title="bbox 132 1151 1109 1230; baseline -0.004 -15"><span class='ocrx_word' id='word_1_85' title='bbox 132 1167 296 1230; x_wconf 88' lang='lat' dir='ltr'><strong>poenaque</strong></span> <span class='ocrx_word' id='word_1_86' title='bbox 315 1152 459 1213; x_wconf 87' lang='lat' dir='ltr'><strong>admonet</strong></span> <span class='ocrx_word' id='word_1_87' title='bbox 472 1151 613 1230; x_wconf 87' lang='lat' dir='ltr'><strong>[adficit],</strong></span> <span class='ocrx_word' id='word_1_88' title='bbox 638 1167 699 1212; x_wconf 92' lang='lat' dir='ltr'><strong>non</strong></span> <span class='ocrx_word' id='word_1_89' title='bbox 724 1151 796 1226; x_wconf 88' lang='lat' dir='ltr'><strong>quia</strong></span> <span class='ocrx_word' id='word_1_90' title='bbox 815 1152 935 1227; x_wconf 89' lang='lat' dir='ltr'><strong>accepit</strong></span> <span class='ocrx_word' id='word_1_91' title='bbox 957 1151 1109 1226; x_wconf 87' lang='lat' dir='ltr'><strong>iniuriam,</strong></span> 
     </span>
     <span class='ocr_line' id='line_1_12' title="bbox 132 1233 1110 1311; baseline -0.004 -13"><span class='ocrx_word' id='word_1_92' title='bbox 132 1237 189 1298; x_wconf 90' lang='lat' dir='ltr'><strong>sed</strong></span> <span class='ocrx_word' id='word_1_93' title='bbox 206 1237 277 1311; x_wconf 90' lang='lat' dir='ltr'><strong>quia</strong></span> <span class='ocrx_word' id='word_1_94' title='bbox 291 1236 427 1297; x_wconf 87' lang='lat' dir='ltr'><strong>lecerunt</strong></span> <span class='ocrx_word' id='word_1_95' title='bbox 440 1242 471 1296; x_wconf 89' lang='lat' dir='ltr'><strong>et</strong></span> <span class='ocrx_word' id='word_1_96' title='bbox 484 1243 516 1296; x_wconf 91' lang='lat' dir='ltr'><strong>ut</strong></span> <span class='ocrx_word' id='word_1_97' title='bbox 531 1235 672 1296; x_wconf 89' lang='lat' dir='ltr'><strong>desinant</strong></span> <span class='ocrx_word' id='word_1_98' title='bbox 686 1235 797 1295; x_wconf 85' lang='lat' dir='ltr'><strong>lacere.</strong></span> <span class='ocrx_word' id='word_1_99' title='bbox 836 1235 881 1294; x_wconf 88' lang='lat' dir='ltr'><strong>sio</strong></span> <span class='ocrx_word' id='word_1_100' title='bbox 903 1233 984 1294; x_wconf 87' lang='lat' dir='ltr'><strong>enirn</strong></span> <span class='ocrx_word' id='word_1_101' title='bbox 1004 1241 1036 1296; x_wconf 87' lang='lat' dir='ltr'><strong>et</strong></span> <span class='ocrx_word' id='word_1_102' title='bbox 1057 1250 1110 1310; x_wconf 91' lang='lat' dir='ltr'><strong>pe-</strong></span> 
     </span>
     <span class='ocr_line' id='line_1_13' title="bbox 133 1317 1110 1391; baseline -0.003 -11"><span class='ocrx_word' id='word_1_103' title='bbox 133 1335 206 1382; x_wconf 89' lang='lat' dir='ltr'><strong>cora</strong></span> <span class='ocrx_word' id='word_1_104' title='bbox 220 1319 347 1380; x_wconf 89' lang='lat' dir='ltr'><strong>verbere</strong></span> <span class='ocrx_word' id='word_1_105' title='bbox 361 1320 530 1391; x_wconf 90' lang='lat' dir='ltr'><strong>domantur,</strong></span> <span class='ocrx_word' id='word_1_106' title='bbox 545 1333 602 1378; x_wconf 89' lang='lat' dir='ltr'><strong>nec</strong></span> <span class='ocrx_word' id='word_1_107' title='bbox 616 1318 775 1378; x_wconf 85' lang='lat' dir='ltr'><strong>irascimur</strong></span> <span class='ocrx_word' id='word_1_108' title='bbox 787 1317 856 1390; x_wconf 90' lang='lat' dir='ltr'><strong>illis,</strong></span> <span class='ocrx_word' id='word_1_109' title='bbox 870 1335 937 1378; x_wconf 90' lang='lat' dir='ltr'><strong>cum</strong></span> <span class='ocrx_word' id='word_1_110' title='bbox 952 1333 1110 1379; x_wconf 87' lang='lat' dir='ltr'><strong>sessorem</strong></span> 
     </span>
    </p>
   </div>
   <div class='ocr_carea' id='block_1_3' title="bbox 105 1402 1112 1900">
    <p class='ocr_par' dir='ltr' id='par_1_3' title="bbox 130 1402 1111 1812">
     <span class='ocr_line' id='line_1_14' title="bbox 131 1402 1110 1478; baseline -0.003 -13"><span class='ocrx_word' id='word_1_111' title='bbox 131 1411 364 1476; x_wconf 79' lang='lat' dir='ltr'><strong>recusaverunt,</strong></span> <span class='ocrx_word' id='word_1_112' title='bbox 389 1404 446 1464; x_wconf 90' lang='lat' dir='ltr'><strong>sed</strong></span> <span class='ocrx_word' id='word_1_113' title='bbox 467 1402 696 1478; x_wconf 88' lang='lat' dir='ltr'><strong>conpescimus,</strong></span> <span class='ocrx_word' id='word_1_114' title='bbox 723 1409 756 1463; x_wconf 89' lang='lat' dir='ltr'><strong>ut</strong></span> <span class='ocrx_word' id='word_1_115' title='bbox 775 1402 866 1462; x_wconf 92' lang='lat' dir='ltr'><strong>dolor</strong></span> <span class='ocrx_word' id='word_1_116' title='bbox 885 1402 1110 1463; x_wconf 88' lang='lat' dir='ltr'><strong>contumaciam</strong></span> 
     </span>
     <span class='ocr_line' id='line_1_15' title="bbox 130 1485 1111 1564; baseline -0.003 -15"><span class='ocrx_word' id='word_1_117' title='bbox 130 1488 242 1550; x_wconf 82' lang='lat' dir='ltr'><strong>vincat</strong></span> <span class='ocrx_word' id='word_1_118' title='bbox 279 1488 360 1564; x_wconf 83' lang='lat' dir='ltr'><strong>Ergo</strong></span> <span class='ocrx_word' id='word_1_119' title='bbox 375 1495 406 1548; x_wconf 85' lang='lat' dir='ltr'><strong>et</strong></span> <span class='ocrx_word' id='word_1_120' title='bbox 420 1487 494 1547; x_wconf 89' lang='lat' dir='ltr'><strong>illud</strong></span> <span class='ocrx_word' id='word_1_121' title='bbox 509 1488 640 1547; x_wconf 87' lang='lat' dir='ltr'><strong>solutum</strong></span> <span class='ocrx_word' id='word_1_122' title='bbox 655 1486 751 1559; x_wconf 89' lang='lat' dir='ltr'><strong>scies,</strong></span> <span class='ocrx_word' id='word_1_123' title='bbox 774 1486 857 1560; x_wconf 90' lang='lat' dir='ltr'><strong>quod</strong></span> <span class='ocrx_word' id='word_1_124' title='bbox 872 1486 962 1546; x_wconf 88' lang='lat' dir='ltr'><strong>nobis</strong></span> <span class='ocrx_word' id='word_1_125' title='bbox 977 1485 1111 1561; x_wconf 91' lang='lat' dir='ltr'><strong>opponi-</strong></span> 
     </span>
     <span class='ocr_line' id='line_1_16' title="bbox 132 1569 1111 1647; baseline -0.003 -14"><span class='ocrx_word' id='word_1_126' title='bbox 132 1580 194 1634; x_wconf 74' lang='lat' dir='ltr'><strong>lura</strong></span> <span class='ocrx_word' id='word_1_127' title='bbox 223 1588 353 1646; x_wconf 91' lang='lat' dir='ltr'><strong>„quare,</strong></span> <span class='ocrx_word' id='word_1_128' title='bbox 378 1572 406 1631; x_wconf 91' lang='lat' dir='ltr'><strong>si</strong></span> <span class='ocrx_word' id='word_1_129' title='bbox 425 1587 488 1632; x_wconf 94' lang='lat' dir='ltr'><strong>non</strong></span> <span class='ocrx_word' id='word_1_130' title='bbox 504 1569 623 1647; x_wconf 84' lang='lat' dir='ltr'><strong>accepit</strong></span> <span class='ocrx_word' id='word_1_131' title='bbox 635 1569 774 1630; x_wconf 89' lang='lat' dir='ltr'><strong>iniuriam</strong></span> <span class='ocrx_word' id='word_1_132' title='bbox 789 1570 915 1644; x_wconf 88' lang='lat' dir='ltr'><strong>sapiens</strong></span> <span class='ocrx_word' id='word_1_133' title='bbox 929 1585 987 1631; x_wconf 88' lang='lat' dir='ltr'><strong>nec</strong></span> <span class='ocrx_word' id='word_1_134' title='bbox 1002 1578 1111 1631; x_wconf 89' lang='lat' dir='ltr'><strong>contu-</strong></span> 
     </span>
     <span class='ocr_line' id='line_1_17' title="bbox 132 1650 1110 1731; baseline -0.002 -15"><span class='ocrx_word' id='word_1_135' title='bbox 132 1656 266 1726; x_wconf 88' lang='lat' dir='ltr'><strong>meliam,</strong></span> <span class='ocrx_word' id='word_1_136' title='bbox 284 1652 370 1729; x_wconf 89' lang='lat' dir='ltr'><strong>punit</strong></span> <span class='ocrx_word' id='word_1_137' title='bbox 383 1670 440 1715; x_wconf 88' lang='lat' dir='ltr'><strong>eos</strong></span> <span class='ocrx_word' id='word_1_138' title='bbox 455 1653 507 1731; x_wconf 89' lang='lat' dir='ltr'><strong>qui</strong></span> <span class='ocrx_word' id='word_1_139' title='bbox 530 1655 711 1715; x_wconf 78' lang='lat' dir='ltr'><strong>leceruntt“</strong></span> <span class='ocrx_word' id='word_1_140' title='bbox 743 1650 906 1713; x_wconf 82' lang='lat' dir='ltr'><strong>nonenim</strong></span> <span class='ocrx_word' id='word_1_141' title='bbox 929 1669 965 1714; x_wconf 90' lang='lat' dir='ltr'><strong>se</strong></span> <span class='ocrx_word' id='word_1_142' title='bbox 990 1653 1110 1714; x_wconf 88' lang='lat' dir='ltr'><strong>ulcisci-</strong></span> 
     </span>
     <span class='ocr_line' id='line_1_18' title="bbox 133 1738 568 1812; baseline -0.009 -13"><span class='ocrx_word' id='word_1_143' title='bbox 133 1747 191 1812; x_wconf 87' lang='lat' dir='ltr'><strong>tur,</strong></span> <span class='ocrx_word' id='word_1_144' title='bbox 206 1739 263 1798; x_wconf 89' lang='lat' dir='ltr'><strong>sed</strong></span> <span class='ocrx_word' id='word_1_145' title='bbox 277 1738 346 1798; x_wconf 91' lang='lat' dir='ltr'><strong>illos</strong></span> <span class='ocrx_word' id='word_1_146' title='bbox 361 1740 511 1798; x_wconf 89' lang='lat' dir='ltr'><strong>emendat.</strong></span> <span class='ocrx_word' id='word_1_147' title='bbox 565 1758 568 1766; x_wconf 91' lang='lat'>·</span> 
     </span>
    </p>

    <p class='ocr_par' dir='ltr' id='par_1_4' title="bbox 105 1820 1112 1900">
     <span class='ocr_line' id='line_1_19' title="bbox 105 1820 1112 1900; baseline 0.001 -21"><span class='ocrx_word' id='word_1_148' title='bbox 105 1828 121 1879; x_wconf 93' lang='lat'>1</span> <span class='ocrx_word' id='word_1_149' title='bbox 193 1821 271 1880; x_wconf 87' lang='lat' dir='ltr'><strong>Xlll.</strong></span> <span class='ocrx_word' id='word_1_150' title='bbox 292 1820 370 1894; x_wconf 81' lang='lat' dir='ltr'><strong>Quid</strong></span> <span class='ocrx_word' id='word_1_151' title='bbox 385 1829 432 1882; x_wconf 87' lang='lat' dir='ltr'><strong>est</strong></span> <span class='ocrx_word' id='word_1_152' title='bbox 446 1829 555 1893; x_wconf 89' lang='lat' dir='ltr'><strong>autem,</strong></span> <span class='ocrx_word' id='word_1_153' title='bbox 567 1820 752 1896; x_wconf 90' lang='lat' dir='ltr'><strong>quarehonc</strong></span> <span class='ocrx_word' id='word_1_154' title='bbox 764 1820 854 1881; x_wconf 89' lang='lat' dir='ltr'><strong>animi</strong></span> <span class='ocrx_word' id='word_1_155' title='bbox 866 1820 1112 1900; x_wconf 79' lang='lat' dir='ltr'><strong>firmitatemnon</strong></span> 
     </span>
    </p>
   </div>
   <div class='ocr_carea' id='block_1_4' title="bbox 73 1903 1119 3572">
    <p class='ocr_par' dir='ltr' id='par_1_5' title="bbox 73 1903 1119 3572">
     <span class='ocr_line' id='line_1_20' title="bbox 133 1903 1109 1979; baseline 0 -14"><span class='ocrx_word' id='word_1_156' title='bbox 133 1905 243 1965; x_wconf 88' lang='lat' dir='ltr'><strong>credas</strong></span> <span class='ocrx_word' id='word_1_157' title='bbox 258 1904 288 1963; x_wconf 91' lang='lat' dir='ltr'><strong>in</strong></span> <span class='ocrx_word' id='word_1_158' title='bbox 305 1904 400 1963; x_wconf 89' lang='lat' dir='ltr'><strong>virum</strong></span> <span class='ocrx_word' id='word_1_159' title='bbox 415 1906 583 1979; x_wconf 85' lang='lat' dir='ltr'><strong>sapientem</strong></span> <span class='ocrx_word' id='word_1_160' title='bbox 598 1905 723 1977; x_wconf 89' lang='lat' dir='ltr'><strong>cadere,</strong></span> <span class='ocrx_word' id='word_1_161' title='bbox 746 1918 814 1963; x_wconf 91' lang='lat' dir='ltr'><strong>cum</strong></span> <span class='ocrx_word' id='word_1_162' title='bbox 829 1903 882 1964; x_wconf 87' lang='lat' dir='ltr'><strong>libi</strong></span> <span class='ocrx_word' id='word_1_163' title='bbox 896 1904 926 1965; x_wconf 93' lang='lat' dir='ltr'><strong>in</strong></span> <span class='ocrx_word' id='word_1_164' title='bbox 945 1904 1012 1964; x_wconf 90' lang='lat' dir='ltr'><strong>aliis</strong></span> <span class='ocrx_word' id='word_1_165' title='bbox 1027 1904 1109 1965; x_wconf 84' lang='lat' dir='ltr'><strong>idem</strong></span> 
     </span>
     <span class='ocr_line' id='line_1_21' title="bbox 133 1986 1112 2063; baseline 0.002 -16"><span class='ocrx_word' id='word_1_166' title='bbox 133 1994 249 2061; x_wconf 86' lang='lat' dir='ltr'><strong>notare,</strong></span> <span class='ocrx_word' id='word_1_167' title='bbox 264 1989 320 2047; x_wconf 87' lang='lat' dir='ltr'><strong>sed</strong></span> <span class='ocrx_word' id='word_1_168' title='bbox 335 2002 396 2046; x_wconf 93' lang='lat' dir='ltr'><strong>non</strong></span> <span class='ocrx_word' id='word_1_169' title='bbox 411 2003 450 2046; x_wconf 87' lang='lat' dir='ltr'><strong>ex</strong></span> <span class='ocrx_word' id='word_1_170' title='bbox 465 1986 571 2047; x_wconf 88' lang='lat' dir='ltr'><strong>eadem</strong></span> <span class='ocrx_word' id='word_1_171' title='bbox 587 2002 681 2047; x_wconf 87' lang='lat' dir='ltr'><strong>causa</strong></span> <span class='ocrx_word' id='word_1_172' title='bbox 696 1988 803 2047; x_wconf 72' lang='lat' dir='ltr'><strong>liceat?</strong></span> <span class='ocrx_word' id='word_1_173' title='bbox 831 1987 901 2063; x_wconf 86' lang='lat' dir='ltr'><strong>quis</strong></span> <span class='ocrx_word' id='word_1_174' title='bbox 924 1988 1004 2048; x_wconf 89' lang='lat' dir='ltr'><strong>enim</strong></span> <span class='ocrx_word' id='word_1_175' title='bbox 1020 1989 1112 2063; x_wconf 87' lang='lat' dir='ltr'><strong>phre-</strong></span> 
     </span>
     <span class='ocr_line' id='line_1_22' title="bbox 134 2069 1113 2147; baseline 0.002 -16"><span class='ocrx_word' id='word_1_176' title='bbox 134 2069 234 2131; x_wconf 90' lang='lat' dir='ltr'><strong>netico</strong></span> <span class='ocrx_word' id='word_1_177' title='bbox 249 2070 386 2130; x_wconf 88' lang='lat' dir='ltr'><strong>medicus</strong></span> <span class='ocrx_word' id='word_1_178' title='bbox 400 2071 561 2130; x_wconf 72' lang='lat' dir='ltr'><strong>irascitur?</strong></span> <span class='ocrx_word' id='word_1_179' title='bbox 600 2072 669 2145; x_wconf 91' lang='lat' dir='ltr'><strong>quis</strong></span> <span class='ocrx_word' id='word_1_180' title='bbox 691 2071 887 2133; x_wconf 83' lang='lat' dir='ltr'><strong>febricitantis</strong></span> <span class='ocrx_word' id='word_1_181' title='bbox 908 2080 939 2133; x_wconf 86' lang='lat' dir='ltr'><strong>et</strong></span> <span class='ocrx_word' id='word_1_182' title='bbox 960 2089 979 2132; x_wconf 91' lang='lat' dir='ltr'><strong>a</strong></span> <span class='ocrx_word' id='word_1_183' title='bbox 999 2072 1113 2147; x_wconf 82' lang='lat' dir='ltr'><strong>frigida</strong></span> 
     </span>
     <span class='ocr_line' id='line_1_23' title="bbox 104 2153 1112 2231; baseline 0.003 -17"><span class='ocrx_word' id='word_1_184' title='bbox 104 2153 277 2230; x_wconf 66' lang='lat' dir='ltr'><strong>tprohibiti</strong></span> <span class='ocrx_word' id='word_1_185' title='bbox 292 2153 452 2214; x_wconf 89' lang='lat' dir='ltr'><strong>maledicta</strong></span> <span class='ocrx_word' id='word_1_186' title='bbox 466 2155 495 2214; x_wconf 89' lang='lat' dir='ltr'><strong>in</strong></span> <span class='ocrx_word' id='word_1_187' title='bbox 510 2155 620 2214; x_wconf 91' lang='lat' dir='ltr'><strong>malam</strong></span> <span class='ocrx_word' id='word_1_188' title='bbox 641 2162 757 2229; x_wconf 88' lang='lat' dir='ltr'><strong>partem</strong></span> <span class='ocrx_word' id='word_1_189' title='bbox 777 2156 908 2231; x_wconf 77' lang='lat' dir='ltr'><strong>accipin</strong></span> <span class='ocrx_word' id='word_1_190' title='bbox 942 2157 1033 2216; x_wconf 86' lang='lat' dir='ltr'><strong>Hunc</strong></span> <span class='ocrx_word' id='word_1_191' title='bbox 1058 2158 1112 2217; x_wconf 93' lang='lat' dir='ltr'><strong>ad-</strong></span> 
     </span>
     <span class='ocr_line' id='line_1_24' title="bbox 134 2238 1113 2316; baseline 0.003 -18"><span class='ocrx_word' id='word_1_192' title='bbox 134 2239 245 2299; x_wconf 80' lang='lat' dir='ltr'><strong>iectum</strong></span> <span class='ocrx_word' id='word_1_193' title='bbox 265 2239 415 2299; x_wconf 91' lang='lat' dir='ltr'><strong>adversus</strong></span> <span class='ocrx_word' id='word_1_194' title='bbox 437 2239 534 2299; x_wconf 89' lang='lat' dir='ltr'><strong>omnis</strong></span> <span class='ocrx_word' id='word_1_195' title='bbox 561 2239 653 2299; x_wconf 86' lang='lat' dir='ltr'><strong>habet</strong></span> <span class='ocrx_word' id='word_1_196' title='bbox 677 2238 819 2314; x_wconf 89' lang='lat' dir='ltr'><strong>sapiens,</strong></span> <span class='ocrx_word' id='word_1_197' title='bbox 846 2256 937 2316; x_wconf 90' lang='lat' dir='ltr'><strong>quem</strong></span> <span class='ocrx_word' id='word_1_198' title='bbox 957 2241 1113 2301; x_wconf 88' lang='lat' dir='ltr'><strong>adversus</strong></span> 
     </span>
     <span class='ocr_line' id='line_1_25' title="bbox 134 2321 1114 2399; baseline 0.002 -16"><span class='ocrx_word' id='word_1_199' title='bbox 134 2339 244 2398; x_wconf 79' lang='lat' dir='ltr'><strong>aegros</strong></span> <span class='ocrx_word' id='word_1_200' title='bbox 259 2339 334 2383; x_wconf 90' lang='lat' dir='ltr'><strong>suos</strong></span> <span class='ocrx_word' id='word_1_201' title='bbox 348 2321 502 2398; x_wconf 88' lang='lat' dir='ltr'><strong>medicus,</strong></span> <span class='ocrx_word' id='word_1_202' title='bbox 523 2340 652 2399; x_wconf 90' lang='lat' dir='ltr'><strong>quorum</strong></span> <span class='ocrx_word' id='word_1_203' title='bbox 666 2338 724 2382; x_wconf 91' lang='lat' dir='ltr'><strong>nec</strong></span> <span class='ocrx_word' id='word_1_204' title='bbox 739 2323 909 2397; x_wconf 87' lang='lat' dir='ltr'><strong>obscoena,</strong></span> <span class='ocrx_word' id='word_1_205' title='bbox 931 2324 959 2385; x_wconf 93' lang='lat' dir='ltr'><strong>si</strong></span> <span class='ocrx_word' id='word_1_206' title='bbox 972 2324 1114 2385; x_wconf 90' lang='lat' dir='ltr'><strong>remedio</strong></span> 
     </span>
     <span class='ocr_line' id='line_1_26' title="bbox 134 2406 1113 2483; baseline 0.002 -17"><span class='ocrx_word' id='word_1_207' title='bbox 134 2415 233 2482; x_wconf 81' lang='lat' dir='ltr'><strong>egent,</strong></span> <span class='ocrx_word' id='word_1_208' title='bbox 250 2413 438 2469; x_wconf 84' lang='lat' dir='ltr'><strong>contrectare</strong></span> <span class='ocrx_word' id='word_1_209' title='bbox 452 2423 509 2466; x_wconf 90' lang='lat' dir='ltr'><strong>nec</strong></span> <span class='ocrx_word' id='word_1_210' title='bbox 522 2406 668 2481; x_wconf 86' lang='lat' dir='ltr'><strong>reliquias</strong></span> <span class='ocrx_word' id='word_1_211' title='bbox 683 2415 713 2468; x_wconf 86' lang='lat' dir='ltr'><strong>et</strong></span> <span class='ocrx_word' id='word_1_212' title='bbox 727 2407 826 2467; x_wconf 83' lang='lat' dir='ltr'><strong>effusa</strong></span> <span class='ocrx_word' id='word_1_213' title='bbox 840 2409 949 2470; x_wconf 85' lang='lat' dir='ltr'><strong>intueri</strong></span> <span class='ocrx_word' id='word_1_214' title='bbox 963 2407 1113 2483; x_wconf 83' lang='lat' dir='ltr'><strong>dedigna-</strong></span> 
     </span>
     <span class='ocr_line' id='line_1_27' title="bbox 134 2490 1116 2567; baseline 0.002 -16"><span class='ocrx_word' id='word_1_215' title='bbox 134 2498 182 2551; x_wconf 91' lang='lat' dir='ltr'><strong>tur</strong></span> <span class='ocrx_word' id='word_1_216' title='bbox 196 2508 254 2552; x_wconf 90' lang='lat' dir='ltr'><strong>nec</strong></span> <span class='ocrx_word' id='word_1_217' title='bbox 268 2508 324 2567; x_wconf 91' lang='lat' dir='ltr'><strong>per</strong></span> <span class='ocrx_word' id='word_1_218' title='bbox 338 2492 470 2552; x_wconf 79' lang='lat' dir='ltr'><strong>furorem</strong></span> <span class='ocrx_word' id='word_1_219' title='bbox 486 2492 685 2552; x_wconf 86' lang='lat' dir='ltr'><strong>saevientium</strong></span> <span class='ocrx_word' id='word_1_220' title='bbox 701 2490 845 2565; x_wconf 88' lang='lat' dir='ltr'><strong>excipere</strong></span> <span class='ocrx_word' id='word_1_221' title='bbox 868 2492 1023 2552; x_wconf 80' lang='lat' dir='ltr'><strong>convicia:</strong></span> <span class='ocrx_word' id='word_1_222' title='bbox 1054 2494 1116 2554; x_wconf 88' lang='lat' dir='ltr'><strong>scit</strong></span> 
     </span>
     <span class='ocr_line' id='line_1_28' title="bbox 135 2575 1115 2650; baseline 0.002 -15"><span class='ocrx_word' id='word_1_223' title='bbox 135 2575 260 2649; x_wconf 88' lang='lat' dir='ltr'><strong>sapiens</strong></span> <span class='ocrx_word' id='word_1_224' title='bbox 273 2575 371 2636; x_wconf 90' lang='lat' dir='ltr'><strong>omnis</strong></span> <span class='ocrx_word' id='word_1_225' title='bbox 386 2575 443 2635; x_wconf 90' lang='lat' dir='ltr'><strong>hos</strong></span> <span class='ocrx_word' id='word_1_226' title='bbox 459 2576 511 2650; x_wconf 95' lang='lat' dir='ltr'><strong>qui</strong></span> <span class='ocrx_word' id='word_1_227' title='bbox 526 2575 620 2650; x_wconf 81' lang='lat' dir='ltr'><strong>togati</strong></span> <span class='ocrx_word' id='word_1_228' title='bbox 635 2576 853 2650; x_wconf 87' lang='lat' dir='ltr'><strong>purpuratique</strong></span> <span class='ocrx_word' id='word_1_229' title='bbox 868 2575 1027 2650; x_wconf 89' lang='lat' dir='ltr'><strong>incedunt,</strong></span> <span class='ocrx_word' id='word_1_230' title='bbox 1057 2593 1115 2637; x_wconf 86' lang='lat' dir='ltr'><strong>va·</strong></span> 
     </span>
     <span class='ocr_line' id='line_1_29' title="bbox 135 2659 1117 2736; baseline 0.005 -20"><span class='ocrx_word' id='word_1_231' title='bbox 135 2659 231 2718; x_wconf 89' lang='lat' dir='ltr'><strong>lentes</strong></span> <span class='ocrx_word' id='word_1_232' title='bbox 247 2662 409 2731; x_wconf 88' lang='lat' dir='ltr'><strong>coloratos,</strong></span> <span class='ocrx_word' id='word_1_233' title='bbox 436 2660 624 2720; x_wconf 87' lang='lat' dir='ltr'><strong>malesanos</strong></span> <span class='ocrx_word' id='word_1_234' title='bbox 641 2675 722 2732; x_wconf 89' lang='lat' dir='ltr'><strong>esse,</strong></span> <span class='ocrx_word' id='word_1_235' title='bbox 749 2675 828 2736; x_wconf 93' lang='lat' dir='ltr'><strong>quos</strong></span> <span class='ocrx_word' id='word_1_236' title='bbox 850 2677 911 2722; x_wconf 92' lang='lat' dir='ltr'><strong>non</strong></span> <span class='ocrx_word' id='word_1_237' title='bbox 929 2661 1015 2720; x_wconf 87' lang='lat' dir='ltr'><strong>aliter</strong></span> <span class='ocrx_word' id='word_1_238' title='bbox 1028 2661 1117 2721; x_wconf 89' lang='lat' dir='ltr'><strong>videt</strong></span> 
     </span>
     <span class='ocr_line' id='line_1_30' title="bbox 136 2743 1116 2820; baseline 0.006 -21"><span class='ocrx_word' id='word_1_239' title='bbox 136 2758 228 2814; x_wconf 87' lang='lat' dir='ltr'><strong>quarn</strong></span> <span class='ocrx_word' id='word_1_240' title='bbox 243 2759 352 2818; x_wconf 82' lang='lat' dir='ltr'><strong>aegros</strong></span> <span class='ocrx_word' id='word_1_241' title='bbox 367 2743 603 2817; x_wconf 85' lang='lat' dir='ltr'><strong>intemperantis.</strong></span> <span class='ocrx_word' id='word_1_242' title='bbox 630 2743 733 2819; x_wconf 83' lang='lat' dir='ltr'><strong>itaque</strong></span> <span class='ocrx_word' id='word_1_243' title='bbox 748 2760 786 2804; x_wconf 89' lang='lat' dir='ltr'><strong>ne</strong></span> <span class='ocrx_word' id='word_1_244' title='bbox 801 2751 963 2805; x_wconf 86' lang='lat' dir='ltr'><strong>succenset</strong></span> <span class='ocrx_word' id='word_1_245' title='bbox 978 2744 1116 2820; x_wconf 91' lang='lat' dir='ltr'><strong>quidem,</strong></span> 
     </span>
     <span class='ocr_line' id='line_1_31' title="bbox 135 2822 1115 2901; baseline 0.005 -17"><span class='ocrx_word' id='word_1_246' title='bbox 135 2822 251 2900; x_wconf 90' lang='lat' dir='ltr'><strong>siquid</strong></span> <span class='ocrx_word' id='word_1_247' title='bbox 271 2826 301 2885; x_wconf 92' lang='lat' dir='ltr'><strong>in</strong></span> <span class='ocrx_word' id='word_1_248' title='bbox 321 2827 427 2886; x_wconf 92' lang='lat' dir='ltr'><strong>morbo</strong></span> <span class='ocrx_word' id='word_1_249' title='bbox 450 2827 632 2901; x_wconf 86' lang='lat' dir='ltr'><strong>petulantius</strong></span> <span class='ocrx_word' id='word_1_250' title='bbox 653 2828 721 2887; x_wconf 91' lang='lat' dir='ltr'><strong>ausi</strong></span> <span class='ocrx_word' id='word_1_251' title='bbox 736 2835 808 2889; x_wconf 91' lang='lat' dir='ltr'><strong>sunt</strong></span> <span class='ocrx_word' id='word_1_252' title='bbox 820 2829 971 2888; x_wconf 90' lang='lat' dir='ltr'><strong>adversus</strong></span> <span class='ocrx_word' id='word_1_253' title='bbox 987 2829 1115 2889; x_wconf 90' lang='lat' dir='ltr'><strong>meden-</strong></span> 
     </span>
     <span class='ocr_line' id='line_1_32' title="bbox 136 2910 1117 2986; baseline 0.004 -16"><span class='ocrx_word' id='word_1_254' title='bbox 136 2916 205 2981; x_wconf 88' lang='lat' dir='ltr'><strong>tem,</strong></span> <span class='ocrx_word' id='word_1_255' title='bbox 221 2915 251 2968; x_wconf 86' lang='lat' dir='ltr'><strong>et</strong></span> <span class='ocrx_word' id='word_1_256' title='bbox 265 2926 326 2984; x_wconf 92' lang='lat' dir='ltr'><strong>quo</strong></span> <span class='ocrx_word' id='word_1_257' title='bbox 340 2910 441 2971; x_wconf 91' lang='lat' dir='ltr'><strong>animo</strong></span> <span class='ocrx_word' id='word_1_258' title='bbox 457 2911 591 2972; x_wconf 87' lang='lat' dir='ltr'><strong>honores</strong></span> <span class='ocrx_word' id='word_1_259' title='bbox 607 2927 713 2971; x_wconf 90' lang='lat' dir='ltr'><strong>eorum</strong></span> <span class='ocrx_word' id='word_1_260' title='bbox 728 2912 821 2973; x_wconf 90' lang='lat' dir='ltr'><strong>nihilo</strong></span> <span class='ocrx_word' id='word_1_261' title='bbox 837 2911 985 2986; x_wconf 89' lang='lat' dir='ltr'><strong>aestimat,</strong></span> <span class='ocrx_word' id='word_1_262' title='bbox 1000 2914 1117 2974; x_wconf 89' lang='lat' dir='ltr'><strong>eodem</strong></span> 
     </span>
     <span class='ocr_line' id='line_1_33' title="bbox 106 2987 1118 3070; baseline 0.007 -19"><span class='ocrx_word' id='word_1_263' title='bbox 106 2987 244 3067; x_wconf 64' lang='lat' dir='ltr'><strong>Sporum</strong></span> <span class='ocrx_word' id='word_1_264' title='bbox 272 2993 439 3055; x_wconf 88' lang='lat' dir='ltr'><strong>honorifice</strong></span> <span class='ocrx_word' id='word_1_265' title='bbox 468 2995 555 3055; x_wconf 84' lang='lat' dir='ltr'><strong>lacta.</strong></span> <span class='ocrx_word' id='word_1_266' title='bbox 598 2994 858 3068; x_wconf 82' lang='lat' dir='ltr'><strong>Quemadmodum</strong></span> <span class='ocrx_word' id='word_1_267' title='bbox 887 3013 949 3058; x_wconf 94' lang='lat' dir='ltr'><strong>non</strong></span> <span class='ocrx_word' id='word_1_268' title='bbox 978 2997 1118 3070; x_wconf 88' lang='lat' dir='ltr'><strong>placebit</strong></span> 
     </span>
     <span class='ocr_line' id='line_1_34' title="bbox 137 3072 1116 3150; baseline 0.006 -14"><span class='ocrx_word' id='word_1_269' title='bbox 137 3072 204 3148; x_wconf 90' lang='lat' dir='ltr'><strong>sibi,</strong></span> <span class='ocrx_word' id='word_1_270' title='bbox 220 3075 247 3136; x_wconf 92' lang='lat' dir='ltr'><strong>si</strong></span> <span class='ocrx_word' id='word_1_271' title='bbox 262 3077 343 3136; x_wconf 91' lang='lat' dir='ltr'><strong>illum</strong></span> <span class='ocrx_word' id='word_1_272' title='bbox 358 3078 516 3138; x_wconf 88' lang='lat' dir='ltr'><strong>mendicus</strong></span> <span class='ocrx_word' id='word_1_273' title='bbox 532 3078 671 3150; x_wconf 86' lang='lat' dir='ltr'><strong>coluerit,</strong></span> <span class='ocrx_word' id='word_1_274' title='bbox 693 3094 751 3138; x_wconf 87' lang='lat' dir='ltr'><strong>neo</strong></span> <span class='ocrx_word' id='word_1_275' title='bbox 772 3072 984 3140; x_wconf 76' lang='lat' dir='ltr'><strong>contumeliam</strong></span> <span class='ocrx_word' id='word_1_276' title='bbox 997 3080 1116 3142; x_wconf 88' lang='lat' dir='ltr'><strong>iudica·</strong></span> 
     </span>
     <span class='ocr_line' id='line_1_35' title="bbox 136 3158 1117 3236; baseline 0.006 -18"><span class='ocrx_word' id='word_1_277' title='bbox 136 3158 187 3232; x_wconf 79' lang='lat' dir='ltr'><strong>bit,</strong></span> <span class='ocrx_word' id='word_1_278' title='bbox 203 3158 230 3220; x_wconf 91' lang='lat' dir='ltr'><strong>si</strong></span> <span class='ocrx_word' id='word_1_279' title='bbox 243 3159 284 3219; x_wconf 90' lang='lat' dir='ltr'><strong>illi</strong></span> <span class='ocrx_word' id='word_1_280' title='bbox 298 3160 388 3221; x_wconf 90' lang='lat' dir='ltr'><strong>homo</strong></span> <span class='ocrx_word' id='word_1_281' title='bbox 405 3161 502 3236; x_wconf 86' lang='lat' dir='ltr'><strong>plebis</strong></span> <span class='ocrx_word' id='word_1_282' title='bbox 518 3163 639 3223; x_wconf 86' lang='lat' dir='ltr'><strong>ultimae</strong></span> <span class='ocrx_word' id='word_1_283' title='bbox 653 3164 794 3224; x_wconf 85' lang='lat' dir='ltr'><strong>salutanti</strong></span> <span class='ocrx_word' id='word_1_284' title='bbox 807 3171 940 3224; x_wconf 86' lang='lat' dir='ltr'><strong>mutuam</strong></span> <span class='ocrx_word' id='word_1_285' title='bbox 955 3165 1117 3226; x_wconf 83' lang='lat' dir='ltr'><strong>salutatio·</strong></span> 
     </span>
     <span class='ocr_line' id='line_1_36' title="bbox 136 3244 1118 3324; baseline 0.008 -22"><span class='ocrx_word' id='word_1_286' title='bbox 136 3257 206 3302; x_wconf 89' lang='lat' dir='ltr'><strong>nem</strong></span> <span class='ocrx_word' id='word_1_287' title='bbox 220 3260 281 3304; x_wconf 92' lang='lat' dir='ltr'><strong>non</strong></span> <span class='ocrx_word' id='word_1_288' title='bbox 296 3245 474 3306; x_wconf 85' lang='lat' dir='ltr'><strong>reddiderit:</strong></span> <span class='ocrx_word' id='word_1_289' title='bbox 491 3244 536 3306; x_wconf 90' lang='lat' dir='ltr'><strong>sic</strong></span> <span class='ocrx_word' id='word_1_290' title='bbox 551 3250 603 3318; x_wconf 86' lang='lat' dir='ltr'><strong>[se]</strong></span> <span class='ocrx_word' id='word_1_291' title='bbox 619 3260 658 3304; x_wconf 88' lang='lat' dir='ltr'><strong>ne</strong></span> <span class='ocrx_word' id='word_1_292' title='bbox 672 3246 822 3321; x_wconf 86' lang='lat' dir='ltr'><strong>suspiciet</strong></span> <span class='ocrx_word' id='word_1_293' title='bbox 836 3248 967 3324; x_wconf 92' lang='lat' dir='ltr'><strong>quidem,</strong></span> <span class='ocrx_word' id='word_1_294' title='bbox 985 3248 1011 3307; x_wconf 91' lang='lat' dir='ltr'><strong>si</strong></span> <span class='ocrx_word' id='word_1_295' title='bbox 1028 3249 1118 3311; x_wconf 89' lang='lat' dir='ltr'><strong>illum</strong></span> 
     </span>
     <span class='ocr_line' id='line_1_37' title="bbox 73 3326 1117 3407; baseline 0.011 -23"><span class='ocrx_word' id='word_1_296' title='bbox 73 3403 74 3407; x_wconf 7' lang='grc' dir='ltr'><strong>Ἰ</strong></span> <span class='ocrx_word' id='word_1_297' title='bbox 136 3327 220 3386; x_wconf 90' lang='lat' dir='ltr'><strong>multi</strong></span> <span class='ocrx_word' id='word_1_298' title='bbox 234 3326 344 3386; x_wconf 87' lang='lat' dir='ltr'><strong>divites</strong></span> <span class='ocrx_word' id='word_1_299' title='bbox 359 3330 564 3404; x_wconf 83' lang='lat' dir='ltr'><strong>suspexerim.</strong></span> <span class='ocrx_word' id='word_1_300' title='bbox 593 3329 651 3390; x_wconf 89' lang='lat' dir='ltr'><strong>scit</strong></span> <span class='ocrx_word' id='word_1_301' title='bbox 665 3328 744 3389; x_wconf 90' lang='lat' dir='ltr'><strong>enim</strong></span> <span class='ocrx_word' id='word_1_302' title='bbox 759 3330 827 3391; x_wconf 91' lang='lat' dir='ltr'><strong>illos</strong></span> <span class='ocrx_word' id='word_1_303' title='bbox 841 3330 915 3392; x_wconf 88' lang='lat' dir='ltr'><strong>nihil</strong></span> <span class='ocrx_word' id='word_1_304' title='bbox 930 3348 948 3391; x_wconf 90' lang='lat' dir='ltr'><strong>a</strong></span> <span class='ocrx_word' id='word_1_305' title='bbox 961 3333 1117 3395; x_wconf 89' lang='lat' dir='ltr'><strong>mendicis</strong></span> 
     </span>
     <span class='ocr_line' id='line_1_38' title="bbox 137 3409 1119 3489; baseline 0.008 -18"><span class='ocrx_word' id='word_1_306' title='bbox 137 3409 268 3482; x_wconf 82' lang='lat' dir='ltr'><strong>differre,</strong></span> <span class='ocrx_word' id='word_1_307' title='bbox 285 3410 374 3471; x_wconf 91' lang='lat' dir='ltr'><strong>immo</strong></span> <span class='ocrx_word' id='word_1_308' title='bbox 390 3413 563 3474; x_wconf 89' lang='lat' dir='ltr'><strong>miseriores</strong></span> <span class='ocrx_word' id='word_1_309' title='bbox 577 3428 658 3473; x_wconf 83' lang='lat' dir='ltr'><strong>esse.</strong></span> <span class='ocrx_word' id='word_1_310' title='bbox 689 3414 730 3474; x_wconf 90' lang='lat' dir='ltr'><strong>illi</strong></span> <span class='ocrx_word' id='word_1_311' title='bbox 745 3414 824 3474; x_wconf 89' lang='lat' dir='ltr'><strong>enim</strong></span> <span class='ocrx_word' id='word_1_312' title='bbox 839 3416 961 3489; x_wconf 82' lang='lat' dir='ltr'><strong>exiguo,</strong></span> <span class='ocrx_word' id='word_1_313' title='bbox 977 3416 1119 3479; x_wconf 91' lang='lat' dir='ltr'><strong>himulto</strong></span> 
     </span>
     <span class='ocr_line' id='line_1_39' title="bbox 135 3497 1116 3572; baseline 0.012 -20"><span class='ocrx_word' id='word_1_314' title='bbox 135 3501 236 3568; x_wconf 78' lang='lat' dir='ltr'><strong>egent.</strong></span> <span class='ocrx_word' id='word_1_315' title='bbox 272 3501 301 3554; x_wconf 86' lang='lat' dir='ltr'><strong>et</strong></span> <span class='ocrx_word' id='word_1_316' title='bbox 316 3511 422 3555; x_wconf 90' lang='lat' dir='ltr'><strong>rursus</strong></span> <span class='ocrx_word' id='word_1_317' title='bbox 437 3513 499 3557; x_wconf 92' lang='lat' dir='ltr'><strong>non</strong></span> <span class='ocrx_word' id='word_1_318' title='bbox 514 3504 660 3572; x_wconf 84' lang='lat' dir='ltr'><strong>tangetur,</strong></span> <span class='ocrx_word' id='word_1_319' title='bbox 675 3497 703 3558; x_wconf 90' lang='lat' dir='ltr'><strong>si</strong></span> <span class='ocrx_word' id='word_1_320' title='bbox 718 3499 800 3559; x_wconf 90' lang='lat' dir='ltr'><strong>illum</strong></span> <span class='ocrx_word' id='word_1_321' title='bbox 814 3515 869 3558; x_wconf 90' lang='lat' dir='ltr'><strong>rex</strong></span> <span class='ocrx_word' id='word_1_322' title='bbox 883 3499 1044 3560; x_wconf 85' lang='lat' dir='ltr'><strong>Medorum</strong></span> <span class='ocrx_word' id='word_1_323' title='bbox 1058 3503 1116 3563; x_wconf 77' lang='lat' dir='ltr'><strong>nt·</strong></span> 
     </span>
    </p>
   </div>
   <div class='ocr_carea' id='block_1_5' title="bbox 110 3706 217 3740">
    <p class='ocr_par' dir='ltr' id='par_1_6' title="bbox 110 3706 217 3740">
     <span class='ocr_line' id='line_1_40' title="bbox 110 3706 217 3740; baseline 0 0"><span class='ocrx_word' id='word_1_324' title='bbox 110 3706 217 3740; x_wconf 55' lang='lat' dir='ltr'>A</span> 
     </span>
    </p>
   </div>
   <div class='ocr_carea' id='block_1_6' title="bbox 0 0 1230 3968">
    <p class='ocr_par' dir='ltr' id='par_1_7' title="bbox 0 0 1230 3968">
     <span class='ocr_line' id='line_1_41' title="bbox 0 0 1230 3968; baseline 0 0"><span class='ocrx_word' id='word_1_325' title='bbox 0 0 1230 3968; x_wconf 95' lang='lat' dir='ltr'><strong> </strong></span> 
     </span>
    </p>
   </div>
  </div>
 </body>
</html>
