2438 3968
183 247 205 310 4
225 250 326 309 DlAL.
334 250 358 310 1.
374 250 506 324 QUARE
518 249 666 327 ALIQUA
679 251 910 313 INCOMMODA
922 249 1036 312 BONIS
1048 250 1157 310 Vltus

185 404 233 464 nis
254 404 331 464 locis
351 411 517 479 conspecta
533 403 678 463 miraculo
694 410 778 475 sunt,
800 410 834 463 ut
851 401 882 462 io
896 401 1004 462 mediis
1020 401 1165 465 fluctibus

186 492 319 549 calentes
339 504 438 563 aquae
465 495 494 548 et
515 503 595 548 nova
615 485 781 548 insularum
798 488 828 547 in
853 494 939 548 vasto
961 486 1166 547 exsilientium

43 643 45 647 .
154 573 260 636 linari
281 572 389 646 spatia.
422 572 485 630 lam
504 587 576 631 vero
597 571 707 645 siquis
725 570 935 632 observaverit
954 569 1062 631 nudari
1076 571 1166 632 litora

185 658 295 737 pelago
310 656 340 716 in
357 671 392 716 se
412 656 577 716 recedente
593 655 762 729 eademque
779 656 857 715 intra
878 656 1021 730 exiguum
1040 662 1163 730 tempus

186 739 312 815 operiri,
338 739 441 800 credet
462 755 555 799 caeca
571 738 703 813 quadam
717 739 905 800 volutatione
919 738 1011 800 modo
1028 739 1165 800 contrahi

185 825 283 884 undas
297 831 327 884 et
344 824 509 885 introrsum
524 824 589 898 agi,
610 823 702 883 modo
718 838 879 898 erumpere
900 830 930 882 et
944 838 1053 898 magno
1072 839 1165 884 cursu

184 916 324 984 repetere
339 908 444 968 sedem
460 923 561 981 suam,
583 922 652 966 cum
672 907 787 967 interim
809 907 879 967 illae
892 907 1083 982 portionibus
1100 922 1165 967 cre·

186 1000 276 1054 scunt
286 999 317 1052 et
327 993 366 1051 ad
378 991 485 1050 horam
496 1006 533 1051 ac
545 991 625 1051 diem
639 991 772 1051 subeunt
783 989 946 1067 ampliores
958 991 1165 1067 minoresque,

186 1084 276 1152 prout
290 1076 356 1136 illas
370 1076 476 1134 lunare
488 1076 574 1135 sidus
586 1074 701 1149 elicuit,
714 1075 851 1136 adonius
864 1075 1017 1135 arbitrium
1030 1090 1166 1136 oceanus

186 1160 328 1238 exundat.
366 1157 428 1219 Suo
444 1159 502 1218 ista
517 1159 646 1233 tempori
660 1166 854 1219 reserventur
868 1175 906 1218 eo
922 1160 1044 1234 quidem
1056 1158 1166 1235 magis,

153 1255 170 1306 t
187 1245 270 1319 quod
284 1251 317 1303 tu
331 1260 391 1304 non
408 1241 527 1303 dubitas
543 1243 582 1303 de
595 1243 801 1318 providentia,
817 1245 874 1304 sed
887 1245 1018 1318 quaeris.
1047 1244 1080 1302 ln
1097 1260 1167 1319 gra·

185 1329 256 1389 tiam
276 1334 305 1386 te
320 1327 464 1387 reducam
482 1343 551 1387 cum
571 1326 617 1386 dis
633 1327 783 1387 adversus
805 1328 937 1402 optimos
959 1328 1090 1403 optimis.
1112 1344 1167 1387 ne·

187 1429 246 1488 que
262 1412 340 1472 enim
355 1427 455 1471 rerum
468 1419 575 1472 natura
586 1410 698 1486 patitur
708 1418 742 1471 ut
755 1428 897 1486 umquam
911 1412 993 1472 bona
1006 1412 1096 1472 bonis
1110 1428 1166 1472 no-

186 1503 283 1557 ceant.
313 1497 389 1556 inter
403 1496 503 1556 bonos
518 1496 602 1555 viros
623 1510 659 1554 ac
679 1496 756 1556 deos
772 1495 901 1556 amicitia
916 1503 963 1556 est
986 1495 1168 1556 conciliante

184 1582 302 1642 virtute.
326 1579 484 1640 amicitiam
501 1581 592 1660 dico?
618 1578 709 1640 immo
722 1579 812 1641 etiam
827 1579 1023 1641 necessitudo
1039 1588 1069 1639 et
1084 1580 1167 1639 simi·

185 1665 296 1738 bludo,
312 1665 455 1740 quoniam
471 1664 594 1738 quidem
609 1664 709 1726 bonus
724 1671 863 1740 tempore
873 1671 987 1725 motum
1002 1680 1020 1723 a
1035 1664 1094 1724 deo
1110 1665 1166 1723 dil-

185 1749 251 1823 tart,
263 1747 433 1823 discipulus
445 1748 511 1808 eius
524 1748 752 1824 aemulatorque
763 1755 793 1808 et
805 1764 877 1808 vera
888 1747 1061 1824 progenies,
1075 1764 1166 1824 quam

188 1847 298 1906 parens
313 1832 363 1890 ille
377 1832 572 1906 magnificus,
594 1831 737 1893 virtutum
752 1848 813 1892 non
834 1832 916 1892 lenis
927 1839 1066 1904 exactor,
1086 1831 1168 1892 sicut

154 1925 172 1982 6
188 1915 287 1977 severi
303 1921 404 1990 patres
420 1916 526 1974 durius
542 1915 662 1976 educat.
683 1917 789 1991 ltaque
801 1931 869 1975 cum
884 1915 998 1984 videris
1010 1917 1109 1977 bonos
1123 1915 1165 1974 vi·

185 2016 238 2061 ros
253 2005 461 2075 acceptosque
474 1999 521 2059 dis
536 1998 690 2074 laborare,
706 1999 832 2073 sudare,
848 2015 904 2074 per
917 2001 1046 2060 arduum
1057 2014 1165 2060 escen-

29 2093 36 2103 ·
77 2132 87 2153 ,.
187 2085 275 2155 dere,
290 2084 389 2143 malos
404 2091 503 2143 autem
515 2083 657 2144 lascivire
670 2091 699 2144 et
713 2083 921 2157 voluptatibus
936 2082 1045 2154 fluere,
1066 2084 1165 2158 cogita

185 2168 317 2230 filiorum
332 2184 389 2228 nos
403 2166 553 2228 modestia
564 2167 721 2241 delectari,
739 2168 929 2228 vernularum
944 2168 1073 2230 licentia.
1096 2166 1167 2227 illos

186 2251 348 2327 disciplina
368 2251 491 2313 tristiori
509 2250 670 2324 contineri,
691 2251 799 2311 horum
821 2251 860 2310 ali
881 2252 1054 2312 audaciam=
1085 2252 1168 2311 idem
1195 2311 1199 2318 ,

152 2388 156 2395 .
185 2335 239 2408 tibi
251 2337 290 2395 de
302 2337 361 2398 deo
373 2337 496 2412 liqueat.
513 2336 627 2396 bonum
639 2335 735 2395 virum
747 2336 776 2395 in
790 2335 906 2396 deliciis
919 2336 1097 2396 nonhabet:
1112 2350 1167 2394 ex·

187 2419 318 2496 peritur,
333 2421 467 2492 indurat,
484 2419 543 2480 sibi
557 2419 640 2480 illum
655 2427 750 2495 parat.
896 2474 899 2479 .

156 2507 172 2560 1
210 2576 213 2580 .
249 2506 284 2563 ll.
318 2505 442 2579 Quare
472 2502 588 2563 multa
617 2504 729 2564 bonis
760 2505 854 2564 viris
884 2510 1052 2564 adversa
1081 2518 1167 2562 eve-

187 2589 314 2649 niunt?
334 2588 411 2649 Nihil
423 2589 564 2648 accidere
575 2587 656 2648 bono
667 2586 733 2648 viro
745 2588 815 2648 mali
828 2595 943 2664 potest:
962 2604 1021 2648 non
1034 2586 1166 2648 miscen-

154 2706 164 2726 ·
186 2681 235 2733 tur
249 2671 408 2733 contraria.
432 2672 690 2745 Quemadmodum
709 2679 886 2744 tutatores,
901 2679 1014 2732 tantum
1031 2688 1168 2747 superne

187 2755 374 2817 deiectorum
388 2754 544 2830 imbrium,
567 2763 649 2817 tanta
663 2756 881 2818 medicatorum
896 2755 944 2816 vis
962 2756 1089 2817 fontium
1103 2772 1167 2815 non

74 2855 77 2860 ·
186 2847 302 2901 mutant
316 2855 459 2915 saporem
473 2840 579 2913 marist,
595 2857 634 2901 ne
644 2842 796 2901 remittunt
808 2841 945 2915 quidemr
966 2841 1007 2901 ita
1018 2841 1167 2900 adversa·

173 2941 252 2993 ,rum
267 2923 389 2999 inpetus
404 2940 502 2983 rerum
517 2922 574 2984 viri
586 2924 672 2986 sortis
685 2942 745 2986 non
757 2925 846 2986 vertit
859 2923 1000 2985 animum.
1023 2931 1123 2983 manet
1133 2922 1166 2982 in

187 3015 311 3069 statuet
330 3008 474 3083 quicquid
489 3009 604 3081 evenit,
620 3009 649 3068 in
661 3026 749 3071 suum
760 3009 894 3070 colorem
908 3009 1006 3069 trahit.
1028 3017 1075 3069 est
1085 3008 1167 3066 enim

153 3092 327 3153 nomnibus
342 3093 475 3153 externis
491 3093 651 3167 potentior.
673 3093 736 3153 Nec
750 3092 810 3152 hoc
822 3093 907 3152 dicor
929 3109 990 3152 noo
1001 3092 1093 3152 sentit
1103 3093 1164 3163 illa,

186 3177 243 3237 sed
260 3175 353 3237 vincit
373 3183 403 3236 et
424 3177 558 3251 alioquin
579 3178 699 3253 quietus
721 3176 922 3252 placidusque
943 3183 1048 3237 contra
1064 3175 1166 3235 incur·

186 3261 281 3321 rentia
291 3261 451 3321 adtollitur.
474 3261 574 3320 omnla
584 3262 717 3321 adversa
733 3260 965 3322 exercitationes
977 3267 1071 3336 putat
1095 3258 1165 3334 quis

186 3344 301 3418 autem,
322 3345 369 3403 vir
382 3345 473 3406 modo
490 3353 520 3404 et
541 3352 661 3405 erectus
682 3345 722 3404 ad
738 3346 885 3420 honesta,
906 3361 966 3405 non
987 3350 1034 3403 est
1048 3344 1163 3404 laboris

186 3429 335 3504 adpetens
351 3428 421 3489 iusti
437 3436 467 3489 et
486 3429 525 3488 ad
547 3427 649 3488 officia
669 3444 738 3490 cum
754 3430 889 3505 periculo
906 3433 1086 3505 promptus?
1114 3428 1164 3488 cui

153 3519 171 3574 3
185 3529 246 3573 non
260 3512 409 3574 industrio
422 3513 514 3574 otium
527 3528 626 3587 poena
641 3519 709 3574 est?
729 3515 866 3575 Athletas
880 3514 1033 3587 videmus,
1050 3512 1163 3587 quibus
