2438 3968
100 249 153 307 Al)
166 247 363 309 POLYBIUM
373 247 425 306 DE
437 246 734 308 CONSOLATIONE.
750 255 868 310 14-16.
878 251 944 320 [350]
964 243 1027 308 233

59 410 89 461 el
109 397 251 475 graviore
268 401 361 461 multo
384 399 476 459 animi
498 403 621 460 volnere
643 415 732 474 quam
755 406 863 474 postea
888 396 1026 474 corporis

58 486 134 544 ictus
147 492 207 543 est:
229 483 312 558 quod
324 491 486 559 utrumque
498 483 635 558 piissime
646 484 726 543 idem
736 489 766 542 et
775 482 940 544 fortissime
951 483 1027 545 tulit.

58 568 172 628 Caesar
183 573 309 641 patruus
321 582 408 627 meus
419 568 552 627 Drusum
561 567 782 640 Germanicum,
796 574 1026 640 patremmeum,
1038 573 1055 625 5

59 653 205 712 minorem
222 657 310 725 natu,
336 667 426 725 quam
441 649 508 725 ipse
523 657 602 724 erat,
629 653 766 724 fratrem,
787 650 890 710 intima
904 650 1026 709 Germa-

57 735 127 796 niae
138 735 343 795 recludentem
355 742 385 795 et
395 741 502 809 gentes
515 735 722 795 ferocissimas
729 735 867 796 Romano
875 733 1011 794 subicien
1022 767 1025 772 -

59 828 119 879 tem
133 819 260 893 imperio
273 818 303 877 in
316 820 469 892 conplexu
480 826 510 878 et
520 816 551 876 in
563 818 677 879 osculis
689 818 755 880 suis
767 818 882 879 amisit:
904 817 1028 878 modum

57 910 157 961 tamen
178 903 301 976 lugendi
321 919 382 962 non
404 901 461 962 sibi
483 909 610 976 tanturn,
637 903 693 963 sed
714 903 803 963 etiam
825 901 891 962 aliis
908 900 978 960 lecit
991 916 1027 959 ac

57 995 152 1047 totum
172 987 338 1046 exereitum
358 1003 419 1046 non
434 987 532 1046 solum
548 995 712 1058 moestum,
734 988 790 1048 sed
805 985 894 1047 etiam
909 983 1026 1045 adtoni-

58 1079 120 1130 tum
136 1085 249 1145 corpus
262 1070 352 1129 Drusi
368 1071 416 1130 sui
429 1068 487 1130 sibi
503 1070 707 1131 vindicantem
722 1071 761 1130 ad
773 1085 887 1130 morem
897 1068 1027 1130 Romani

55 1157 157 1215 luctus
172 1152 290 1228 redegit
304 1153 509 1228 iudicavitque
523 1169 585 1212 non
599 1152 746 1216 militandi
760 1161 875 1215 tanturn
891 1152 1026 1227 discipli-

59 1255 126 1298 nam
143 1252 215 1297 esse
229 1239 427 1310 servandam,
447 1237 606 1298 sedetiam
623 1237 756 1299 dolendi.
793 1238 860 1296 Non
876 1236 1027 1312 potuisset

58 1321 107 1380 ille
129 1321 269 1380 lacrimas
291 1320 406 1381 alienas
429 1337 637 1396 conpescere,
661 1321 720 1381 nisi
748 1321 832 1397 prius
858 1319 1027 1395 pressisset

58 1422 141 1464 suas.

119 1489 199 1547 XVl.
222 1494 288 1561 [35]
308 1489 348 1547 Μ.
364 1490 529 1558 Antonius,
547 1506 623 1550 avus
638 1505 739 1560 meus,
759 1491 842 1550 nullo
856 1487 955 1547 minor
969 1484 1055 1545 nisil

58 1589 112 1645 eo,
127 1588 145 1631 a
161 1589 221 1646 quo
237 1573 335 1632 vietus
351 1581 413 1646 est,
427 1581 499 1635 tunc
515 1590 582 1633 cum
597 1573 814 1647 rempublicam
831 1571 1028 1633 constitueret

58 1665 88 1715 et
107 1655 284 1715 triumvirali
304 1663 455 1731 potestate
477 1658 632 1732 praeditus
653 1657 725 1717 nihil
742 1672 886 1732 superse
902 1655 1026 1726 videret,

58 1739 196 1815 exceptis
219 1756 292 1799 vero
314 1741 435 1800 duobus
456 1741 582 1815 collegis
603 1741 704 1802 omnia
724 1740 803 1800 inira
823 1756 858 1801 se
879 1745 1024 1809 cerneret,

58 1825 180 1883 fratrem
194 1823 383 1884 interiectum
395 1825 518 1886 audivit.
539 1825 683 1896 ‚Fortuna
695 1825 852 1900 inpotens,
869 1823 976 1900 quales
988 1829 1057 1882 ex‘r

57 1907 197 1967 humanis
216 1907 305 1967 malis
328 1906 380 1967 tibi
401 1907 470 1983 ipsa
492 1909 583 1970 ludos
606 1909 699 1968 lacis!
729 1925 765 1970 eo
789 1910 857 1985 ipso
880 1916 1025 1982 tempore,

59 2009 119 2065 quo
135 1991 174 2050 Μ.
186 1991 339 2052 Antonius
354 1989 465 2052 civium
480 2010 605 2054 suorum
619 1993 699 2053 vitae
715 1993 844 2053 sedebat
860 1992 1026 2066 mortisque

58 2075 184 2148 arbiter,
213 2075 253 2134 Μ.
268 2075 392 2137 Antonii
407 2077 499 2137 irater
513 2077 584 2138 duci
599 2077 757 2137 iubebatur
771 2079 810 2137 ad
826 2076 1025 2151 supplicium:

59 2159 122 2219 tulit
133 2159 192 2219 hoc
201 2166 299 2219 tamen
310 2167 371 2220 tarn
382 2160 468 2221 triste
479 2162 589 2222 volnus
601 2161 707 2221 eadem
721 2159 928 2235 magnitudine
935 2156 1026 2218 animi

58 2242 109 2315 [Μ.
121 2244 302 2316 Antoniusl,
323 2261 384 2318 qua
399 2246 499 2305 omnia
513 2246 572 2304 alia
586 2246 719 2305 adversa
733 2247 916 2305 toleraverat
927 2249 957 2301 et
967 2241 1027 2301 hoc

55 2327 113 2386 luit
133 2325 198 2386 eius
219 2329 323 2401 lugere
345 2325 449 2402 viginti
471 2329 623 2403 legionum
643 2329 792 2403 sanguine
813 2327 896 2387 tratri
918 2341 1026 2400 paren·

57 2419 130 2469 tare.
160 2408 223 2469 Sed
242 2419 276 2471 ut
297 2412 399 2472 omnia
418 2413 478 2472 alia
497 2415 638 2487 exempla
659 2419 859 2487 praeteream,
885 2416 918 2469 ut
933 2409 962 2469 in
977 2423 1056 2474 mea

58 2507 184 2568 quoque
204 2491 273 2567 ipso
295 2496 354 2554 alia
374 2502 491 2557 taceam
513 2498 634 2568 lunera,
657 2497 706 2556 bis
726 2511 776 2555 me
796 2497 929 2554 fraterno
945 2493 1025 2553 luctu

57 2576 208 2651 adgressa
223 2577 342 2637 iortuna
357 2587 419 2652 est,
439 2580 487 2640 bis
501 2579 648 2640 intellexit
662 2579 741 2639 laedi
755 2594 804 2638 me
819 2593 930 2653 posse,
945 2576 1026 2635 vinci

56 2677 119 2720 non
134 2675 245 2735 posse:
272 2663 360 2721 amisi
376 2661 586 2724 Germanicum
604 2666 741 2735 fratrem,
764 2678 854 2737 quem
870 2660 1025 2736 quomodo

56 2743 236 2816 amaverim,
250 2744 395 2821 intellegit
409 2749 547 2821 prolecto
564 2747 704 2824 quisquis
720 2747 847 2821 cogitat,
869 2743 1025 2819 quomodo

57 2844 132 2888 suos
148 2829 257 2888 iratres
273 2829 314 2904 pii
330 2831 436 2890 iratres
452 2839 562 2891 ament.
592 2833 636 2892 sic
651 2840 752 2891 tamen
763 2832 914 2890 adlectum
926 2845 1026 2888 meum

56 2911 138 2984 rexi,
159 2919 192 2972 ut
212 2928 269 2972 nec
290 2912 492 2988 relinquerem
508 2916 685 2990 quicquam,
707 2915 790 2989 quod
805 2914 885 2989 exigi
901 2913 1027 2975 deberet

55 2996 170 3056 abono
193 2997 298 3069 tratre,
321 3012 377 3056 nec
399 2998 544 3071 lacerem,
568 3000 650 3073 quod
670 2997 852 3072 reprehendi
874 3003 981 3074 posset
995 2997 1025 3055 in
1130 2990 1133 3003 '

57 3080 226 3157 principe.“

119 3165 204 3224 Haec
219 3180 292 3240 ergo
309 3173 382 3240 puta
395 3165 448 3226 tibi
464 3173 620 3243 parentem
632 3167 787 3243 publicum
798 3167 913 3227 reterre
923 3177 1052 3228 exem-a

56 3250 123 3324 pla,
145 3250 284 3308 eumdem
300 3251 479 3324 ostendere,
496 3265 586 3326 quam
601 3250 674 3311 nihil
687 3267 808 3311 sacrum
819 3250 1025 3324 intactumque

57 3334 97 3394 sit
112 3332 279 3407 Fortunae,
300 3348 380 3409 quae
401 3351 439 3395 ex
461 3335 505 3394 eis
521 3335 681 3409 penatibus
696 3351 773 3395 ansa
786 3343 834 3396 est
848 3335 955 3394 lunera
969 3334 1024 3394 du·

57 3432 142 3487 cere,
163 3418 329 3491 exquibus
346 3426 410 3478 erat
425 3419 501 3478 deos
518 3418 658 3493 petitura.
683 3434 772 3479 nemo
787 3420 889 3494 itaque
902 3419 1026 3478 miretur

57 3500 171 3575 aliquid
188 3499 225 3559 nb
240 3500 291 3560 illa
305 3509 357 3561 aut
372 3503 533 3563 crudeliter
546 3501 611 3562 lieri
626 3510 678 3562 aut
691 3503 804 3579 inique.
833 3508 936 3578 potest
946 3501 1029 3561 enim
