2438 3968
361 487 395 566 lu
419 483 558 567 rutrrt
578 485 748 568 turture

228 631 600 730 ututuutlttttt
639 633 810 728 LIBER
846 635 877 727 Ι.

421 806 471 856 ΑΙ)
494 806 684 861 LUCILIUM

61 930 193 1006 oduuu
209 929 349 1006 turolte
364 926 591 990 ΙΝΟΟΜΙῦὓΑ
607 927 719 990 BONIS
733 927 833 990 vttds
848 928 1041 992 Acetuurtr

86 1044 90 1048 ·
333 1026 412 1088 CUM
430 1025 685 1088 ruovnturtrlu
706 1026 774 1088 slr.

528 1163 580 1200 SIVE

405 1260 448 1325 BE
462 1257 704 1326 ruttvmtturtt.

148 1520 171 1578 1.
213 1480 373 1586 Quaesisti
388 1535 481 1595 ame,
505 1519 616 1594 undu,
638 1519 713 1596 qur
726 1517 783 1591 iu,
804 1518 831 1578 si
851 1515 1072 1594 providentur

64 1603 197 1667 muudus
218 1607 375 1677 ageretur,
395 1604 489 1664 multe
507 1603 598 1664 bouis
616 1602 688 1663 vicie
705 1605 788 1662 melu
804 1602 954 1662 accidere.
980 1601 1042 1665 hee

63 1685 255 1748 commodius
271 1685 305 1745 iu
320 1692 465 1747 contextu
480 1688 582 1763 operis
595 1686 789 1759 redderetur,
811 1702 879 1746 cum
896 1699 1042 1761 praeesse

61 1769 216 1832 uniuersis
242 1767 464 1845 providentiam
488 1772 689 1847 procuremus
713 1776 744 1831 et
771 1771 922 1830 >iuteresse
950 1770 1040 1830 nobie

64 1856 164 1916 deum.
176 1852 234 1914 sed
245 1854 483 1928 quoniamatotu
495 1855 672 1931 particulam
683 1854 788 1914 revclti
800 1854 898 1929 placet
909 1860 1040 1917 ctuuurn
1064 1874 1067 1879 ·

64 1937 332 1998 contradictionem
345 1945 488 2001 manente
502 1939 552 2000 tite
566 1939 683 2014 integre
697 1938 834 2010 solvere,
852 1936 962 2001 taciem
974 1953 1039 1998 rem

61 2037 125 2082 neu
135 2020 298 2092 difficituu,
315 2036 439 2083 ceueeru
451 2023 578 2083 deorum
590 2038 687 2097 egam.
708 2020 937 2097 Supervacuum
950 2023 1037 2082 estin
1052 2029 1069 2081 2

60 2106 238 2183 praeseutia
251 2106 413 2166 ostendere
423 2123 485 2167 nou
497 2106 564 2167 siue
575 2107 678 2182 ulique
690 2106 818 2166 custode
832 2112 947 2168 tuntum
960 2121 1039 2180 opus

60 2197 145 2253 utare
159 2205 216 2248 uec
230 2188 311 2248 hune
326 2189 459 2250 siderum
475 2198 593 2251 coetum
610 2190 846 2264 discursumque
867 2187 979 2250 fortuiti
995 2188 1040 2248 iu-

64 2281 154 2351 pctus
167 2287 241 2334 esee
258 2280 288 2333 et
299 2289 378 2347 quae
392 2289 484 2335 casus
498 2275 602 2335 incitet
615 2289 710 2348 saepe
724 2272 837 2334 turbari
848 2281 878 2332 et
892 2273 950 2333 cito
963 2272 1041 2332 eric·

63 2367 144 2431 turc,
164 2357 243 2416 hanc
257 2355 439 2418 inoffensam
453 2358 643 2418 velocitatem
660 2357 829 2432 procedere
843 2364 984 2416 aeternae
998 2357 1040 2416 le·

60 2443 110 2518 gis
124 2439 251 2516 imperio
262 2447 376 2500 tentum
386 2457 487 2501 rerum
498 2448 577 2502 terra
587 2440 723 2515 murique
734 2447 912 2516 gestantem,
926 2447 1041 2501 tantum
1058 2482 1062 2488 -

63 2525 301 2588 clarissimorum
316 2522 461 2586 luminum
477 2533 559 2585 etex
579 2523 957 2600 dispositeretuccutium,
978 2540 1041 2584 nou

59 2624 136 2670 csse
145 2607 428 2670 muteriacerrantis
437 2608 518 2668 huuc
530 2608 667 2668 ordinem
677 2624 735 2668 uec
747 2624 826 2682 quae
836 2613 948 2667 temere
960 2607 1040 2668 coie-
1108 2615 1122 2639 ¹

61 2700 147 2765 runt,
159 2697 244 2752 teuta
254 2699 319 2752 urte
331 2692 479 2767 pendere,
494 2699 527 2753 ut
537 2701 683 2753 terrerum
695 2691 906 2767 gmurssimum
919 2691 1040 2766 pondus

60 2773 450 2839 sedeatinmctumetcircu
461 2791 497 2837 se
508 2776 700 2851 properentis
712 2775 790 2836 cccli
799 2776 901 2850 rugum
912 2783 1038 2850 spectet,

61 2869 96 2922 ut
114 2860 216 2921 intusa
229 2859 359 2920 uatibus
379 2859 474 2920 meria
490 2860 626 2921 molliunt
643 2867 740 2921 terres
758 2875 815 2919 uec
833 2860 926 2920 ullum
942 2859 1039 2920 incre·

61 2952 197 3006 mentum
217 2943 374 3005 fluminum
391 2942 534 3014 sentient,
557 2950 591 3003 ut
605 2959 644 3004 cx
659 2943 789 3003 minimis
804 2943 970 3007 seminibus
984 2959 1038 3003 ue·

61 3036 189 3090 scantur
202 3028 344 3103 ingentia„
366 3043 405 3087 uc
418 3027 470 3087 rua
484 3027 605 3102 quidem
621 3043 701 3102 quae
713 3027 855 3088 videntur
867 3027 997 3087 contuse
1011 3031 1071 3088 ett

61 3115 192 3184 incerta,
221 3110 340 3187 pluvius
356 3111 424 3171 dico
440 3112 600 3188 nubesque
615 3119 644 3171 et
661 3111 805 3171 elisorum
823 3111 981 3172 fulminum
994 3110 1038 3170 ic·
1112 3162 1117 3176 .

60 3204 130 3259 ctus
148 3203 178 3256 et
189 3195 329 3256 incendia
339 3195 441 3270 ruptis
455 3195 601 3258 muntium
616 3193 778 3255 verticibus
790 3194 908 3269 effusa,
926 3202 1037 3256 tremo·

60 3297 113 3342 ree
128 3279 257 3340 labantis
273 3279 331 3340 soti
346 3287 377 3339 et
391 3277 449 3339 elic
463 3296 541 3355 quue
556 3281 741 3340 tumultuosa
755 3295 827 3354 pers
841 3295 942 3340 rerum
957 3279 1039 3338 circu

61 3373 159 3426 terres
172 3372 290 3438 movet,
305 3361 372 3424 siue
386 3364 517 3437 ratione,
531 3361 672 3439 quumvis
687 3363 786 3424 subite
797 3366 871 3438 siut,
887 3361 1037 3435 accidunt,

62 3450 120 3510 eed
133 3464 208 3512 suas
223 3455 254 3508 et
263 3448 314 3508 ille
329 3462 439 3508 causes
452 3447 567 3508 habeut
578 3463 639 3508 nou
654 3446 752 3508 minus
768 3463 952 3585 ᾳιιαιίῑξιιιαο
966 3445 1037 3505 atie
