2438 3968
129 244 191 307 292
417 244 451 304 L.
466 245 611 304 ANNAEI
634 243 808 305 SENECAE

132 397 204 474 quid
224 396 303 456 enim
323 396 444 456 stultius
465 411 554 470 quam
576 394 604 452 in
627 393 767 454 iumentis
783 395 905 468 quidem
923 404 955 456 et
973 397 1105 459 canibus

131 481 314 541 erubescere
340 479 413 539 iram
440 494 606 550 exercere,
638 478 771 553 pessima
794 485 894 537 autern
917 481 1105 541 condicione

132 565 189 625 sub
210 566 346 638 [bomine]
368 563 518 623 hominem
540 569 632 621 esset
663 563 777 622 Morbis
794 563 954 623 medemur
968 581 1031 624 nec
1046 566 1103 624 ira·

132 648 253 709 scimur.
275 648 358 723 atqui
373 656 402 707 et
413 647 461 706 hic
472 645 595 706 morbus
608 655 655 705 est
665 645 765 705 animi.
783 647 905 707 mollem
916 648 1103 708 medicinam

132 733 287 793 desiderat
311 732 473 806 ipsumque
498 730 668 789 medentem
689 731 809 791 minime
829 731 975 792 infestum
998 748 1102 807 aegro.

103 817 201 883 aMali
222 816 331 876 medici
352 824 399 874 est
414 815 578 889 desperare
595 820 644 887 [ne
660 819 770 886 curesJ.
797 814 878 874 idern
892 815 922 874 in
936 815 1003 889 his,
1028 833 1101 891 quo-

132 917 199 960 rum
214 900 332 959 animus
346 900 485 959 adiectus
500 905 555 970 est,
571 898 672 957 iacere
687 897 816 971 debebit,
832 898 882 958 cui
892 900 1005 960 tradita
1018 900 1102 960 salus

133 985 265 1044 omnium
286 990 347 1056 est,
370 1000 429 1042 non
445 982 504 1042 cito
518 997 605 1057 spem
620 981 758 1056 proicere
773 997 830 1041 nec
845 983 1002 1043 mortifera
1016 983 1102 1058 signa

132 1068 343 1144 pronuntiare:
371 1068 499 1127 luctetur
515 1082 583 1126 cum
598 1067 691 1139 vitiis,
717 1067 854 1139 resistat,
876 1066 945 1126 aliis
960 1067 1101 1127 morbum

133 1169 221 1213 suurn
235 1152 413 1226 exprobret,
437 1150 586 1225 quosdam
601 1150 681 1211 molli
698 1149 852 1211 curatione
866 1149 1003 1225 decipiat
1014 1152 1101 1211 citius

133 1237 302 1311 meliusque
321 1243 483 1295 sanaturus
505 1234 647 1294 remediis
663 1234 844 1294 fallentibus.
870 1241 941 1308 agat
954 1233 1101 1311 princeps

132 1337 236 1381 curam
257 1336 317 1380 nou
334 1327 448 1379 tanturn
462 1319 581 1390 salutis,
605 1319 660 1377 sed
676 1317 764 1378 etiam
778 1318 926 1379 honestae
940 1318 1101 1379 cicatricis.

104 1404 218 1465 annila
232 1403 296 1478 regi
310 1403 407 1479 gioria
422 1410 470 1462 est
481 1418 520 1463 ex
533 1417 626 1461 saeva
637 1401 914 1462 animadversiones
937 1402 1010 1478 quis
1024 1404 1100 1462 enim

133 1487 250 1549 dubitat
269 1494 385 1563 posset
409 1494 439 1547 at
453 1495 558 1547 contra
571 1485 715 1558 maxima,
738 1485 765 1545 si
779 1487 840 1546 vim
855 1501 941 1545 suam
958 1489 1101 1559 continet,

134 1574 160 1633 si
174 1573 286 1633 multos
301 1571 365 1632 irae
378 1571 496 1632 alienae
511 1570 633 1645 eripuit,
652 1568 800 1629 neminem
817 1586 892 1631 suae
904 1571 1057 1646 inpendit

106 1665 118 1714 1
192 1655 300 1716 XVIII.
325 1655 428 1716 Servis
442 1656 592 1730 imperare
606 1654 761 1714 moderate
775 1656 842 1714 laus
854 1659 909 1714 est.
933 1661 965 1714 et
977 1655 1009 1714 in
1020 1671 1102 1714 man·

134 1739 214 1814 cipio
229 1740 422 1815 cogitandum
438 1747 558 1800 estnon
574 1747 718 1813 quantum
732 1737 808 1798 iilud
822 1739 937 1813 inpune
950 1740 1016 1814 pati
1032 1756 1102 1814 pos-

135 1824 186 1896 sit,
214 1823 271 1882 sed
297 1831 441 1898 quantum
465 1824 518 1884 tibi
543 1821 692 1896 permittat
718 1821 964 1897 aequibonique
985 1830 1101 1897 natura,

135 1921 215 1982 quae
225 1922 353 1981 parcere
364 1907 453 1966 etiam
465 1905 632 1981 captiviset
639 1907 733 1981 pretio
743 1906 856 1982 paratis
866 1906 966 1967 iubet=
987 1913 1102 1983 quanto

134 1989 243 2051 iustius
264 1989 348 2050 iubet
366 1990 538 2050 hominibus
558 1990 674 2059 liberis,
702 1990 858 2065 ingenuis,
877 1990 1020 2051 honestis
1043 2007 1102 2050 non

134 2083 167 2137 ut
186 2074 344 2148 mancipiis
364 2074 459 2145 abuti,
482 2075 549 2152 [sed
563 2073 622 2144 his]
641 2091 719 2148 quos
734 2075 831 2149 gradu
845 2075 1012 2134 antecedas
1029 2092 1102 2151 quo·

106 2169 260 2235 tmmque
281 2158 333 2218 tibi
355 2174 415 2217 non
432 2159 561 2218 servitus
577 2158 687 2218 tradita
702 2160 755 2230 sit,
778 2159 834 2218 sed
849 2159 962 2218 tutela?
997 2158 1103 2219 Servis

134 2244 174 2304 ad
189 2249 317 2305 statuam
332 2241 402 2302 iicet
416 2243 588 2316 coningere.
609 2257 676 2301 oum
691 2243 719 2301 in
737 2257 858 2302 servum
870 2242 972 2303 omnia
981 2241 1102 2316 liceant,

135 2335 182 2388 est
201 2326 330 2402 aliquid,
353 2327 437 2402 quod
458 2327 487 2385 in
508 2325 660 2386 hominem
680 2326 771 2386 licere
792 2343 953 2387 commune
972 2326 1023 2387 ius
1043 2327 1102 2386 ani·

136 2410 279 2472 mantium
294 2416 382 2471 vetet.
419 2409 491 2483 Quis
503 2427 562 2471 non
573 2410 706 2470 Vedium
716 2410 883 2471 Pollionem
895 2410 985 2486 peius
997 2412 1104 2472 oderat

136 2512 227 2573 quam
248 2495 328 2555 servi
345 2495 408 2567 sui,
432 2496 514 2570 quod
536 2510 696 2554 muraenas
710 2496 859 2570 sangnine
872 2494 1007 2556 humano
1025 2496 1103 2570 sagi

136 2580 227 2640 nabat
247 2587 277 2638 et
296 2595 367 2652 eos,
397 2580 503 2653 quise
524 2579 639 2654 aliquid
660 2577 864 2649 offenderant,
894 2579 924 2638 in
945 2580 1103 2652 vivarium,

137 2664 211 2739 quid
225 2664 306 2723 aliud
322 2679 413 2738 quam
428 2656 628 2737 serbentium,
646 2662 724 2721 abici
739 2662 882 2723 iubebati
914 2661 1103 2724 Ohominem

136 2747 205 2806 mite
221 2747 368 2807 mortibus
384 2748 521 2821 dignum!
545 2746 611 2806 sive
622 2747 817 2807 devorandos
831 2762 939 2807 servos
951 2747 1105 2807 obiciebat

137 2831 303 2904 muraenis,
326 2847 402 2906 quas
418 2847 528 2891 esurus
543 2838 620 2903 erat,
642 2831 751 2889 sivein
767 2832 826 2891 hoc
837 2838 951 2890 tantum
964 2832 1032 2890 illas
1044 2833 1103 2890 aie·

108 2917 202 2987 that,
225 2922 257 2975 ut
277 2914 322 2975 sic
342 2914 445 2975 aleret.
481 2914 739 2988 Quemadmodum
755 2915 868 2974 domini
885 2914 1027 2974 crudeles
1041 2921 1104 2975 tota

138 2999 257 3060 civitate
272 3007 545 3061 commonstrantur
559 2998 709 3073 invisique
722 3006 751 3058 et
763 2997 957 3058 detestabiles
970 3006 1051 3073 sunt,
1066 3000 1106 3059 ita

137 3100 242 3159 regum
263 3089 292 3143 et
311 3082 419 3143 iniuria
441 3085 530 3144 latius
552 3088 634 3157 patet
648 3092 677 3142 et
693 3083 814 3142 infamia
830 3089 920 3157 atque
936 3083 1040 3144 odium
1057 3098 1103 3143 se

138 3169 214 3228 culis
236 3168 370 3228 traditur.
398 3177 510 3243 quanto
533 3174 630 3227 autem
650 3183 709 3226 non
725 3167 809 3227 nasci
824 3167 930 3226 meiius
945 3167 1001 3226 suit
1015 3183 1105 3242 quam

139 3254 287 3312 numerari
301 3254 378 3312 inter
392 3251 514 3326 publico
530 3252 608 3311 malo
625 3257 734 3311 natust

111 3347 124 3398 1
198 3335 274 3394 xlx.
295 3337 476 3411 Excogitare
490 3352 580 3397 nemo
596 3335 758 3410 quicquam
774 3336 892 3409 poterit,
909 3334 994 3410 quod
1008 3332 1107 3409 magis

138 3417 282 3478 decorum
302 3420 418 3493 regenti
438 3420 477 3479 sit
497 3436 586 3495 quam
609 3419 780 3492 clementia,
802 3434 997 3493 quocumque
1012 3419 1106 3478 modo

138 3506 165 3564 is
179 3510 209 3563 et
223 3517 414 3577 quocumque
429 3504 494 3563 iure
513 3504 705 3578 praepositus
724 3504 832 3563 ceteris
851 3504 915 3562 erit.
936 3518 974 3562 eo
991 3504 1109 3563 scilicet
