2438 3968
217 246 267 306 DE
281 245 613 319 TRANQUleTATll
626 247 748 306 Alllltll.
769 256 887 310 ra-rn
973 247 1034 312 iat

65 412 134 456 nem
156 396 293 455 dicamus
314 395 464 455 accidere.
492 411 555 455 non
576 395 658 455 illum
674 395 797 457 casibus
811 397 965 459 hominurn
980 414 1033 459 ex·

64 480 139 558 ce[r]
144 479 251 556 pimus,
267 479 324 540 sed
338 477 503 552 erroribus,
519 478 633 538 necilli
647 480 747 539 omnia
761 488 795 540 ut
807 482 901 542 voluit
911 483 1033 558 cedunt,

65 564 122 624 sed
145 571 179 623 ut
204 563 355 638 cogitavit.
389 563 526 638 inprimis
551 569 652 622 autem
677 564 820 638 cogitavit
840 565 922 625 aliud
938 582 1033 641 posse

65 647 234 723 propositis
249 646 314 706 suis
325 646 478 706 resistere.
500 655 688 707 necesseest
699 655 798 708 autem
810 648 908 708 levius
919 650 1032 710 adani-

63 749 145 791 mum
170 731 330 806 pervenire
355 730 516 790 destitutae
532 729 705 805 cupiditatis
720 731 872 806 dolorem,
900 733 948 792 cui
963 750 1033 795 suc·

63 831 186 875 cessum
200 831 261 875 non
275 815 379 890 utique
391 813 579 888 promiseris.

124 900 202 960 XIV.
223 899 377 958 Faciles
398 898 509 958 etiam
531 913 601 957 nos
622 900 752 958 iacere
767 898 964 972 debemus,
989 915 1063 972 nel

64 983 176 1042 nimis
205 980 418 1042 destinatis
444 980 559 1041 rebus
586 982 871 1057 indulgeamus,
896 990 1033 1044 transea-

62 1082 194 1142 musque
215 1067 245 1124 in
267 1081 320 1138 ea,
346 1065 376 1124 in
392 1081 471 1140 quae
485 1081 542 1127 nos
558 1081 650 1126 casus
666 1066 839 1139 deduxerit,
865 1082 922 1127 nec
936 1074 1032 1128 muta-

63 1151 145 1211 tione
170 1157 222 1210 aut
247 1147 364 1210 consilii
390 1157 441 1210 aut
465 1157 561 1210 status
577 1150 841 1225 pertimescamus,
867 1151 1033 1212 dummodo

62 1250 120 1295 nos
141 1235 263 1305 levitas,
289 1232 527 1294 inimicissimum
549 1233 642 1309 quieti
661 1233 782 1309 vitium,
808 1250 870 1295 non
891 1236 1033 1311 excipiat.

62 1334 132 1378 nam
146 1326 176 1378 et
192 1316 358 1392 pertinacia
373 1333 501 1378 necesse
517 1325 565 1377 est
578 1315 671 1378 anxia
685 1326 715 1379 et
726 1317 840 1378 misera
850 1317 897 1391 sit,
911 1319 959 1379 cui
970 1321 1032 1379 ior·

62 1410 134 1462 tuna
159 1417 255 1476 saepe
279 1400 394 1475 aliquid
418 1410 594 1477 extorquet,
618 1408 648 1462 et
673 1401 782 1462 levitas
803 1403 896 1462 multo
910 1403 1033 1477 gravior

62 1502 213 1560 nusquam
227 1501 262 1546 se
277 1485 444 1545 continens.
466 1486 634 1560 Utrumque
648 1485 791 1546 infestum
805 1492 852 1545 est
865 1486 1032 1561 tranquilli·

63 1571 130 1641 tati,
145 1576 176 1628 et
189 1569 262 1628 nibil
276 1575 392 1628 mutare
406 1585 501 1645 posse
516 1578 545 1629 ct
560 1569 632 1628 nihil
643 1569 716 1644 pati.
737 1569 848 1644 Utique
864 1569 981 1629 animus
993 1569 1031 1628 ab
1046 1582 1064 1635 s

64 1653 204 1712 omnibus
220 1653 354 1712 externis
368 1653 398 1712 in
416 1668 451 1713 se
465 1653 661 1715 revocandus
677 1659 738 1713 est:
752 1653 811 1712 sibi
826 1653 974 1727 confidat,
995 1669 1031 1713 se

62 1736 208 1810 gaudeat,
223 1751 280 1796 sua
294 1736 456 1811 suspiciat,
471 1738 604 1810 recedat,
621 1745 767 1811 quantum
782 1744 892 1812 potest,
906 1737 944 1797 ab
959 1737 1030 1796 alie-

63 1820 109 1878 nis
124 1827 154 1878 et
168 1835 203 1878 se
218 1820 276 1879 sibi
292 1821 437 1895 adplicet,
458 1821 568 1880 damna
581 1836 643 1881 non
658 1821 781 1895 sentiat,
796 1821 885 1881 etiam
899 1821 1031 1881 adversa

62 1904 192 1977 benigne
206 1902 429 1978 interpretetur.
463 1903 603 1966 Nuntiato
618 1904 776 1979 naufragio
790 1905 895 1964 Zenon
910 1913 1031 1979 noster,
1045 1915 1063 1970 3

47 2003 130 2047 ¹eum
147 1989 250 2047 omnia
264 2004 320 2048 sua
335 1989 453 2049 audiret
467 1988 640 2048 submersa:
657 1989 768 2062 „iubet
785 1988 890 2065 inquit,
906 2006 954 2048 me
969 1990 1030 2048 ior-

61 2081 133 2131 tuna
149 2070 321 2146 expeditius
335 2072 555 2147 philosophari.
564 2078 581 2107 “
603 2073 774 2132 Minabatur
788 2072 948 2132 Theodoro
965 2073 1030 2147 phi-

62 2155 191 2230 losopho
206 2163 355 2234 tyrannus
369 2163 496 2217 mortem
508 2156 673 2231 etquidem
686 2157 884 2231 insepultam
899 2156 1030 2230 „habes
1141 2206 1144 2212 .

61 2239 166 2313 inquit,
184 2256 238 2300 cur
254 2239 305 2300 tibi
318 2241 452 2315 placeas.
474 2239 595 2300 hemina
607 2241 763 2316 sanguinis
774 2241 803 2300 in
817 2249 869 2300 tua
879 2246 1030 2315 potestate

62 2330 124 2381 est:
148 2338 218 2382 nam
230 2324 313 2398 quod
327 2325 367 2383 ad
382 2323 569 2400 sepulturam
584 2325 728 2399 pertinet,
754 2332 817 2384 ote
831 2325 982 2399 ineptum,
1003 2322 1031 2383 si

61 2413 152 2480 putas
165 2422 234 2466 mea
248 2407 414 2483 interesse,
439 2424 533 2483 supra
547 2415 658 2468 terram
673 2424 710 2468 an
725 2409 803 2467 inira
817 2416 1001 2482 putrescam.
1011 2409 1030 2439 “

59 2489 166 2548 Kanus
181 2490 290 2566 lulius,
304 2492 351 2550 vir
364 2491 501 2567 inprimis
518 2507 663 2566 maguus,
685 2492 771 2551 cuius
787 2490 977 2552 admirationi
991 2503 1062 2558 net

60 2572 120 2631 hoc
141 2575 261 2648 quidem
282 2575 397 2650 obstat,
423 2576 506 2650 quod
527 2583 632 2636 nostro
648 2576 752 2635 seculo
768 2581 934 2647 natusest,
960 2588 1030 2633 cum

62 2656 134 2718 Caio
150 2656 203 2717 diu
216 2659 395 2734 altercatus,
411 2668 576 2735 postquam
589 2658 713 2720 abeunti
725 2658 860 2719 Phalaris
872 2658 922 2717 ille
937 2656 1029 2717 dixitr

59 2759 97 2801 ne
120 2742 202 2815 sorte
221 2744 322 2818 irrepta
341 2761 394 2818 spe
413 2745 466 2803 tibi
479 2744 657 2818 blandioris,
673 2744 782 2804 ducite
795 2745 882 2803 iussi:
901 2743 1028 2814 Gratias,

60 2826 172 2899 inquit,
186 2842 257 2900 opo,
272 2830 379 2902 optime
387 2830 541 2903 princeps.
563 2827 640 2901 Quid
656 2825 788 2887 senserit
803 2825 916 2886 dubito.
937 2825 1060 2893 multa5

60 2909 140 2968 enim
155 2908 228 2969 mihi
243 2918 420 2971 occurrunt:
437 2912 675 2972 contumeliosus
690 2927 761 2972 esse
775 2911 870 2971 voluit
884 2917 913 2969 et
925 2916 1027 2970 ostan-

60 2993 148 3064 dere,
176 3001 290 3070 quanta
311 2993 471 3054 crudelitas
494 3001 594 3070 esset,
619 2995 649 3054 in
670 3012 730 3070 qua
749 3010 832 3054 mors
847 2992 1030 3053 beneficium

60 3083 145 3137 eratt
164 3094 202 3136 an
218 3078 414 3153 exprobravit
426 3078 468 3137 illi
483 3078 665 3139 cotidianam
680 3077 883 3139 dementiam?
898 3075 1029 3150 agebam

60 3161 140 3220 enim
161 3162 274 3237 gratias
289 3170 320 3223 et
335 3178 464 3236 quorum
479 3162 565 3222 liberi
580 3162 676 3224 occisi
690 3171 720 3222 et
734 3178 865 3237 quorum
880 3161 961 3220 bona
975 3159 1028 3218 ab·

59 3244 119 3303 lata
134 3253 229 3305 erant.
249 3262 287 3306 an
301 3254 454 3322 tamquam
467 3246 634 3306 libertatem
649 3246 776 3307 libenter
789 3245 928 3321 accepit?
943 3243 1026 3318 quic·

60 3328 135 3402 quid
150 3337 211 3402 est,
226 3346 336 3405 magno
351 3331 451 3390 animo
466 3329 634 3406 respondit.
656 3329 743 3391 Dicet
756 3329 881 3404 aliquis:
903 3374 921 3400 „
932 3327 1060 3403 potuitd

59 3420 131 3486 post
145 3413 204 3472 hoc
218 3414 323 3475 iubere
338 3415 419 3474 illum
437 3415 526 3474 Caius
541 3415 652 3474 vivere.
662 3417 680 3447 ‘⁸
701 3413 768 3474 Non
781 3413 879 3475 timuit
893 3414 952 3473 hoc
964 3411 1028 3473 Ka-

59 3512 127 3556 nus.
149 3504 221 3557 nota
233 3505 298 3559 erat
308 3497 371 3559 Caii
381 3499 411 3557 in
423 3498 533 3559 talibus
544 3497 678 3574 imperiis
687 3498 775 3559 fides.
791 3498 931 3558 credisne
943 3495 1026 3555 illum
