2438 3968
77 237 84 242 “
187 253 248 317 172
355 256 389 314 a.
410 256 556 315 annam
579 256 754 316 sanetas
774 258 874 317 nna.
891 257 940 316 tx.

188 410 352 483 splendere
374 410 553 484 cogentibus
579 425 742 483 expressa,
769 409 826 468 sed
846 407 1015 469 domestica
1035 416 1064 467 et
1085 409 1162 482 vilis,

153 504 244 559 enac
265 500 387 553 servata
407 509 465 553 nec
488 493 636 554 sumenda
657 491 795 552 sollicite.
827 493 930 552 Placet
944 491 1047 566 cibus,
1073 508 1163 566 quem

187 590 243 634 nec
259 584 367 651 parent
381 576 512 636 familiae
526 592 584 636 nec
598 583 751 651 spectent,
771 592 832 635 non
848 583 917 635 ante
938 577 1050 635 multos
1067 577 1161 651 impe-

187 668 271 720 ratus
287 661 353 720 dies
369 676 426 722 nec
440 661 600 721 multorum
616 660 754 719 manibus
769 660 969 731 ministratus,
994 660 1052 720 sed
1075 676 1163 733 para-

189 743 257 803 bilis
274 743 448 819 facilisque,
470 743 543 803 nihil
563 743 679 802 babens
695 743 834 803 arcessiti
850 743 1022 818 pretiasive,
1039 743 1164 802 ubilibet

187 844 247 887 non
270 829 444 900 delaturus,
470 842 527 886 nec
548 826 726 901 patrimonia
748 842 805 887 nec
820 827 941 902 corpori
956 827 1075 900 gravis,
1101 843 1163 885 non

154 915 169 969 7
185 912 338 971 rediturus
354 929 415 986 qua
428 911 590 972 intraverit.
620 911 723 971 Placet
736 909 872 970 minister
885 911 1017 970 incultus
1033 919 1064 970 et
1077 911 1163 970 rudis

187 995 326 1067 vernula,
352 1001 510 1070 argentum
526 1011 620 1070 grave
639 994 744 1055 rustici
760 995 855 1068 patris
876 994 944 1054 sine
957 995 1019 1053 ullo
1042 995 1164 1052 nomine

186 1079 325 1150 artificis,
352 1087 380 1138 et
401 1095 509 1138 mensa
532 1095 592 1138 non
621 1079 764 1139 varietate
785 1079 971 1137 macularum
995 1078 1164 1153 conspicua

185 1177 242 1220 nec
258 1164 438 1236 permultas
455 1163 644 1222 dominarum
661 1162 841 1236 elegantium
857 1162 1075 1223 successiones
1091 1164 1163 1221 civi-

184 1246 236 1304 tati
251 1251 339 1320 nota,
354 1246 412 1306 sed
426 1247 456 1305 in
471 1263 560 1306 usum
576 1246 690 1320 posita,
708 1261 786 1321 quae
801 1247 912 1306 nullius
926 1246 1075 1306 convivae
1092 1261 1164 1305 ocu-

152 1328 233 1389 8las
257 1345 314 1389 nec
338 1333 496 1406 voluptate
521 1337 654 1391 moretur
680 1345 736 1390 nec
761 1330 910 1389 accendat
932 1329 1056 1389 invidia.
1091 1328 1162 1389 Curr

186 1412 266 1472 bene
281 1414 340 1474 ista
355 1416 548 1490 placuerunt,
570 1413 766 1489 praestringit
780 1413 910 1472 animum
927 1415 1096 1488 adparatus
1112 1414 1165 1472 ali-

187 1499 272 1557 cuius
294 1499 493 1574 paedagogii,
519 1496 692 1570 diligentius
715 1513 805 1570 quam
827 1498 856 1555 in
878 1499 989 1557 tralatu
1011 1497 1122 1557 vestita
1137 1505 1166 1556 et

186 1598 261 1643 aura
283 1584 364 1642 culta
383 1583 535 1657 mancipia
554 1590 584 1641 et
604 1597 710 1656 agmen
734 1597 894 1641 servarum
909 1580 1075 1642 nitentium.
1105 1580 1165 1639 iam

186 1665 295 1725 domus
317 1666 407 1726 etiam
422 1682 483 1742 qua
505 1667 639 1727 calcatur
660 1666 795 1740 pretiosa
815 1672 845 1724 et
859 1664 971 1726 divitiis
986 1681 1043 1740 per
1057 1680 1166 1724 omnes

185 1749 314 1823 angulos
344 1750 517 1825 dissipatis,
556 1756 635 1808 tecta
662 1751 731 1824 ipsa
759 1749 905 1822 fulgentia
932 1756 962 1808 et
989 1749 1167 1808 adsectator

187 1846 353 1906 comesque
367 1833 616 1908 patrimoniorum
631 1834 821 1907 pereuntium
837 1835 981 1908 populus.
1005 1832 1084 1906 Quid
1097 1848 1165 1907 per-

186 1917 314 1976 lucentis
335 1917 374 1975 ad
394 1919 487 1976 imum
506 1932 603 1991 aquas
624 1925 654 1977 et
668 1914 915 1977 circumfluentes
930 1917 998 1992 ipsa
1014 1916 1166 1989 convivia,

50 2041 53 2046 -
157 1999 261 2076 aquid
282 2002 390 2075 epulas
411 2003 521 2074 loquar
543 2015 638 2060 scena
658 2016 714 2060 sua
738 2001 868 2074 dignust
897 2000 1097 2060 Circumfudit
1117 2016 1168 2060 me

188 2083 333 2158 exlongo
350 2084 526 2158 frugalitatis
541 2084 601 2142 sita
610 2085 781 2144 venientem
793 2085 886 2143 multo
899 2085 1066 2159 splendore
1076 2085 1166 2144 luxu-

187 2168 234 2227 ria
248 2176 279 2228 et
292 2167 428 2243 undique
449 2168 673 2228 circumsonuit.
704 2169 828 2244 paulum
842 2169 950 2228 titubat
969 2167 1063 2228 acies.
1092 2169 1166 2226 laci-

188 2253 247 2312 lius
264 2252 414 2312 adversus
430 2253 511 2311 illam
526 2251 657 2311 animum
673 2267 764 2327 quam
782 2253 889 2312 oculos
907 2252 1030 2313 adtollo.
1051 2251 1166 2310 recedo

187 2337 291 2412 itaque
305 2353 368 2395 non
389 2335 490 2411 peior,
513 2337 568 2395 sed
584 2336 711 2408 tristior,
733 2350 790 2394 nec
804 2335 882 2396 inter
902 2336 953 2396 illa
973 2337 1083 2396 frivola
1098 2351 1166 2393 mea

190 2427 247 2479 tam
274 2422 352 2480 altus
377 2421 487 2481 incedo
513 2421 683 2495 tacitusque
707 2436 829 2480 morsus
855 2419 937 2480 subit
956 2428 986 2479 et
1006 2418 1164 2489 dubitatio,

188 2505 335 2579 numquid
356 2503 408 2565 illa
426 2505 552 2563 meliora
572 2505 646 2565 sint:
672 2503 745 2563 nihil
765 2503 873 2563 horum
891 2519 941 2563 me
961 2509 1070 2576 mutat,
1093 2501 1164 2563 nihil

146 2603 249 2654 10non
276 2596 375 2648 tamen
401 2590 543 2649 concutit.
584 2588 686 2648 Placet
710 2587 791 2659 inlde
814 2590 902 2666 viam]
930 2594 1164 2663 praeceptorum

189 2670 279 2745 sequi
304 2673 388 2732 etin
413 2673 542 2733 mediam
569 2673 613 2731 ire
637 2671 864 2745 rempublicam.
904 2673 1006 2746 placet
1029 2670 1164 2731 honores

189 2754 354 2830 fascesque
375 2773 436 2816 non
458 2756 574 2816 scilicet
593 2772 729 2830 purpura
748 2763 801 2816 aut
820 2756 915 2830 virgis
936 2755 1101 2815 abductum
1116 2769 1165 2812 ca-

188 2853 326 2912 pessere,
343 2840 400 2898 sed
414 2847 448 2900 ut
461 2839 566 2899 amicis
582 2838 825 2914 propinquisque
841 2847 870 2898 et
882 2831 1023 2899 omnib⁰us
1036 2837 1165 2920 civibus,

190 2923 330 2982 omnibus
345 2922 456 2982 deinde
474 2923 649 2982 mortalibus
662 2923 795 2996 paratior
805 2924 967 2998 utiliorque
978 2921 1045 2984 sim.
1063 2936 1165 2996 prom·

189 3014 268 3081 ptus,
286 3006 466 3080 conpositus
482 3023 597 3080 sequor
611 3006 931 3079 Zenonasleanthen,
948 3005 1165 3084 Chrysippum,

190 3106 318 3165 quorum
339 3098 439 3151 tamen
461 3105 550 3149 nemo
573 3090 613 3149 ad
632 3091 850 3165 rempublicam
870 3089 1003 3150 accessit
1023 3097 1053 3149 et
1073 3105 1165 3149 nemo

149 3185 249 3240 11non
264 3174 359 3234 misit:
381 3174 433 3234 ubi
449 3174 561 3249 aliquid
582 3173 712 3233 animam
733 3173 884 3235 insolitam
903 3174 1023 3235 arietari
1040 3189 1166 3249 percus-

191 3257 243 3329 sit,
268 3257 320 3316 ubi
340 3257 455 3331 aliquid
475 3258 606 3318 occurrit
625 3265 678 3318 aut
695 3258 865 3333 indignum,
891 3266 924 3319 ut
948 3259 978 3317 in
999 3258 1081 3318 omni
1106 3256 1167 3317 vita

189 3340 321 3400 humana
336 3342 430 3401 multa
445 3349 530 3414 sunt,
552 3350 604 3402 aut
618 3359 723 3417 parum
737 3359 776 3402 ex
791 3342 872 3402 lacill
886 3342 1001 3415 fluens,
1025 3348 1077 3403 aut
1090 3342 1166 3400 mul-

190 3433 252 3483 tum
269 3423 414 3498 temporis
434 3442 485 3485 res
512 3442 698 3500 nonmagna
719 3427 925 3486 aestimandae
946 3431 1167 3503 poposcerunt,

188 3508 229 3566 ad
245 3508 337 3568 otium
354 3516 515 3569 convertor
530 3517 560 3568 et
580 3510 835 3581 quemadmodum
856 3510 1019 3584 pecoribus
1035 3508 1169 3582 fatigatis
