2438 3968
262 253 309 312 ou
332 252 549 313 ctameurm
572 252 678 311 mai.
701 260 797 323 5—6.
883 210 888 302 ]
957 248 1019 317 281

55 412 149 480 toque
163 405 193 463 in
209 404 324 465 maiore
338 406 463 465 materia
476 406 611 480 adparet.
649 406 827 480 Quantulum
840 407 919 466 enim
931 415 1021 468 nocet

55 489 175 563 privata
191 488 375 548 crudelitas?
403 489 572 562 principum
587 489 714 549 saevitia
727 489 838 550 bellum
856 498 912 550 est.
947 490 1052 552 Cuma

55 579 156 632 autem
171 571 329 633 virtutibus
344 573 421 632 inter
435 589 469 632 se
483 573 523 631 sit
537 573 701 635 concordia
715 588 771 632 nec
782 573 842 632 ulla
854 574 949 634 altera
959 590 1020 634 me

54 656 113 715 lior
130 663 182 715 aut
199 655 355 715 honestior
376 656 428 729 sit,
459 656 608 728 quaedam
629 664 728 715 tamen
749 657 931 730 quibusdam
953 673 1020 733 per-

56 739 141 799 sonis
153 737 253 814 aptior
263 746 322 819 est:
346 739 433 798 decet
443 739 670 814 magnanimitas
682 740 845 815 quemlibet
856 744 1021 816 mortalem,

56 823 145 882 etiam
162 821 259 894 illum,
280 821 358 880 infra
373 837 464 895 quem
478 822 550 882 nihil
572 829 627 882 est.
656 823 729 898 quid
750 825 827 883 enim
852 825 949 884 maius
971 830 1023 884 aut

56 905 163 966 lortius
185 922 276 981 quam
298 907 406 965 malam
430 907 580 966 fortunam
603 907 789 967 retunderet
819 907 895 966 haec
921 915 1021 967 tamen

58 989 312 1063 [magnanimitas]
334 989 364 1047 in
384 988 466 1049 bona
488 990 609 1049 lortuna
633 990 779 1050 laxiorem
807 991 907 1051 locum
931 990 1023 1051 habet

56 1074 227 1148 meliusque
246 1072 276 1130 in
297 1072 435 1132 tribunali
457 1089 548 1148 quam
567 1073 597 1132 in
621 1074 711 1148 plano
727 1074 922 1149 conspicitur.
958 1074 1054 1142 Cle-4

57 1157 168 1216 mentia
188 1157 218 1215 in
235 1172 458 1231 quamcumque
476 1157 597 1216 domum
613 1158 799 1232 pervenerit,
823 1173 889 1218 eam
905 1158 1023 1218 felicem

56 1240 309 1314 tranquillamque
330 1239 509 1314 praestabit,
539 1242 595 1301 sed
611 1241 642 1300 in
656 1239 741 1315 regia
757 1258 817 1315 quo
844 1242 956 1315 rarior,
982 1258 1019 1301 eo

56 1322 228 1382 mirabilior.
255 1322 329 1398 quid
341 1323 420 1384 enim
435 1332 483 1384 est
495 1323 719 1384 memorabilius
735 1341 826 1399 quam
841 1326 1021 1398 eumenius

57 1408 120 1466 irae
137 1406 208 1465 nihil
224 1405 338 1479 obstat,
361 1407 447 1468 cuins
462 1407 594 1482 graviori
609 1409 776 1468 sententiae
793 1408 852 1483 ipsi
869 1409 920 1482 qui
936 1423 1021 1483 pere-

57 1497 112 1552 unt
126 1490 350 1564 adsentiuntur,
373 1506 462 1566 quem
480 1506 568 1552 nemo
582 1492 824 1566 interpellaturus
839 1501 900 1565 est,
922 1491 1022 1565 immo,

59 1575 84 1634 si
109 1573 318 1635 vehementius
346 1575 529 1648 excanduit,
563 1591 620 1634 nec
645 1576 864 1649 deprecaturus
891 1576 1021 1650 quidem,

58 1659 159 1733 ipsum
175 1658 233 1718 sibi
248 1675 368 1718 manum
381 1657 495 1718 inicere
510 1666 540 1719 et
552 1665 703 1733 potestate
718 1660 817 1720 suain
835 1661 942 1719 melius
958 1660 1022 1733 pla-

59 1742 220 1817 cidiusque
240 1743 298 1815 uti,
327 1742 387 1803 hoc
406 1743 508 1818 ipsum
531 1744 725 1818 cogitantem:
755 1742 895 1802 occidere
919 1750 1023 1802 contra

11 1855 14 1859 <
58 1826 157 1900 legam
171 1842 260 1886 nemo
276 1841 337 1886 non
353 1833 468 1900 potest,
491 1841 615 1886 servare
630 1841 718 1887 nemo
735 1833 854 1901 praeter
868 1841 925 1886 me.
960 1827 1054 1888 Mat

59 1925 149 1983 gnam
164 1911 312 1970 fortunam
328 1924 455 1983 magnus
468 1910 584 1969 animus
596 1910 698 1983 decet,
715 1911 766 1985 qui
777 1909 837 1970 nisi
848 1926 883 1971 se
892 1910 931 1969 ad
942 1911 1023 1969 illam

59 1992 167 2053 extulit
183 2000 213 2054 et
232 1992 320 2054 altior
336 1994 430 2065 stetit,
454 1994 533 2053 illam
550 2010 673 2068 quoque
688 1994 765 2053 lnlra
780 1999 912 2066 [terram]
928 1994 1023 2054 dedu·

60 2077 107 2135 cit.
130 2075 230 2152 magni
243 2083 343 2138 autem
354 2077 444 2136 animi
456 2083 504 2136 est
514 2077 680 2152 proprium,
698 2076 848 2153 placidum
862 2092 932 2137 esse
945 2084 1024 2136 uan-

62 2160 247 2236 quillumque
261 2167 290 2220 et
304 2160 429 2226 iniurias
445 2160 695 2235 offensionesque
710 2177 843 2234 superne
855 2161 1023 2234 despicere.

59 2243 205 2303 Muliebre
227 2252 273 2304 est
295 2245 394 2305 iurare
416 2244 444 2303 in
466 2242 525 2317 ira,
549 2247 680 2305 ferarum
700 2261 774 2305 vero
796 2253 826 2305 et
842 2258 881 2302 ne
896 2257 1024 2318 genero·

60 2341 162 2385 sarum
171 2329 292 2401 quidem
305 2329 520 2402 praemordere
527 2335 557 2389 et
567 2344 675 2402 urgere
688 2327 851 2402 proiectos.
874 2325 1025 2399 elephanti
1044 2354 1046 2358 ·

60 2410 228 2484 leonesque
243 2416 414 2483 transeunt,
439 2426 517 2485 quac
533 2411 721 2486 inpulerant:
749 2409 891 2485 ignobilis
907 2408 1025 2468 bestiae

60 2491 226 2567 pertinacia
248 2499 303 2553 est.
339 2493 406 2554 Non
427 2494 516 2553 dccet
538 2509 641 2568 regem
661 2509 754 2553 saeva
777 2500 806 2552 et
830 2491 1057 2557 inexorabiliso

59 2577 114 2635 ira.
136 2592 196 2636 non
211 2578 335 2636 multum
350 2577 429 2636 enim
440 2592 534 2651 supra
547 2592 615 2636 eum
626 2577 744 2650 eminet,
760 2577 809 2636 cui
819 2593 854 2636 sc
864 2575 1024 2636 irascendo

61 2666 227 2735 exaequat:
256 2671 286 2718 at
305 2660 330 2720 si
352 2661 404 2720 dat
422 2659 529 2733 vitam,
552 2659 579 2721 si
600 2661 652 2721 dat
666 2659 840 2734 dignitatem
855 2657 1024 2734 periclitan-

59 2743 140 2803 tibus
162 2751 192 2802 et
212 2742 325 2804 meritis
342 2742 491 2816 amittere,
511 2744 582 2804 lacit
597 2744 680 2818 quod
695 2742 768 2804 nulli
784 2743 842 2804 nisi
855 2760 956 2803 rerum
970 2757 1025 2817 po·

59 2827 132 2887 tenti
152 2827 230 2887 licet.
259 2827 320 2888 vita
337 2826 416 2886 enim
432 2825 520 2887 etiam
536 2828 683 2902 superiori
699 2827 839 2902 eripitur,
862 2841 1024 2901 numquam

61 2909 118 2969 nisi
133 2910 267 2969 interiori
282 2911 379 2970 datur.
410 2909 541 2970 Servare
551 2911 707 2986 proprium
718 2918 765 2972 est
777 2910 952 2971 excellentis
966 2911 1025 2968 lor·
1040 2912 1056 2970 7

59 3000 159 3053 tunae.
188 3010 267 3069 quae
287 3011 452 3067 numquam
473 2994 569 3069 magis
591 2994 707 3070 suspici
724 2994 828 3066 debet,
852 3010 942 3068 quam
957 3008 1024 3051 cum

59 3077 101 3136 illi
123 3076 248 3151 contigit
266 3077 346 3136 idem
367 3093 462 3152 posse
483 3079 565 3153 quod
586 3079 649 3152 dis,
675 3094 803 3154 quorum
824 3076 972 3137 beneficio
995 3075 1025 3134 in

61 3159 158 3220 iucem
178 3161 296 3221 edimur
313 3168 374 3220 tam
394 3161 466 3220 boni
488 3178 577 3236 quam
599 3162 679 3221 mali.
707 3163 834 3222 deorum
851 3161 952 3235 itaque
968 3158 1026 3218 sibi

59 3244 191 3305 animum
213 3246 360 3305 adserens
391 3245 533 3320 princeps
559 3245 636 3306 alios
658 3259 697 3304 ex
719 3243 836 3304 civibus
852 3242 932 3316 suis,
955 3242 1026 3316 quia

59 3327 149 3388 utiles
164 3326 299 3403 bonique
313 3335 398 3402 sunt,
420 3328 518 3388 libens
535 3327 651 3402 videat,
666 3327 743 3388 alios
762 3328 963 3402 innumerum
978 3342 1025 3385 rc·

58 3411 184 3486 linquat.
209 3412 358 3486 quosdam
374 3427 445 3472 esse
459 3413 604 3486 gaudeat,
624 3411 774 3487 quosdam
792 3411 930 3485 patiatur.

121 3497 172 3553 Vl.
197 3493 300 3570 Cogita
317 3500 383 3569 [te],
405 3495 434 3554 in
455 3494 513 3554 hoc
528 3494 661 3569 civitate,
683 3496 713 3555 in
736 3511 796 3570 qua
812 3492 899 3555 turba
916 3509 971 3569 per
984 3493 1022 3553 la·
1038 3500 1052 3551 1
