<?xml version="1.0" encoding="UTF-8"?>
<!DOCTYPE html PUBLIC "-//W3C//DTD XHTML 1.0 Transitional//EN"
    "http://www.w3.org/TR/xhtml1/DTD/xhtml1-transitional.dtd">
<html xmlns="http://www.w3.org/1999/xhtml" xml:lang="en" lang="en">
 <head>
  <title>
</title>
<meta http-equiv="Content-Type" content="text/html;charset=utf-8" />
  <meta name='ocr-system' content='tesseract 3.04.00' />
  <meta name='ocr-capabilities' content='ocr_page ocr_carea ocr_par ocr_line ocrx_word'/>
</head>
<body>
  <div class='ocr_page' id='page_1' title='image "./lannaeisenecaeo05senegoog_0116.png"; bbox 0 0 2454 3982; ppageno 0'>
   <div class='ocr_carea' id='block_1_1' title="bbox 227 198 1028 311">
    <p class='ocr_par' dir='ltr' id='par_1_1' title="bbox 227 198 1028 311">
     <span class='ocr_line' id='line_1_1' title="bbox 227 198 1028 311; baseline -0.004 0"><span class='ocrx_word' id='word_1_1' title='bbox 227 250 330 311; x_wconf 72' lang='lat' dir='ltr'><strong>utet.</strong></span> <span class='ocrx_word' id='word_1_2' title='bbox 349 251 388 310; x_wconf 87' lang='lat' dir='ltr'><strong>V.</strong></span> <span class='ocrx_word' id='word_1_3' title='bbox 410 250 462 310; x_wconf 85' lang='lat' dir='ltr'><strong>DE</strong></span> <span class='ocrx_word' id='word_1_4' title='bbox 483 250 550 309; x_wconf 80' lang='lat' dir='ltr'><strong>IRA</strong></span> <span class='ocrx_word' id='word_1_5' title='bbox 572 198 644 308; x_wconf 72' lang='grc' dir='ltr'><strong>ΠΒ.</strong></span> <span class='ocrx_word' id='word_1_6' title='bbox 665 247 716 308; x_wconf 89' lang='lat' dir='ltr'><strong>tlt.</strong></span> <span class='ocrx_word' id='word_1_7' title='bbox 738 255 857 310; x_wconf 72' lang='lat'>25—28.</span> <span class='ocrx_word' id='word_1_8' title='bbox 968 245 1028 308; x_wconf 90' lang='grc'><strong>101</strong></span> 
     </span>
    </p>
   </div>
   <div class='ocr_carea' id='block_1_2' title="bbox 53 401 1061 3589">
    <p class='ocr_par' dir='ltr' id='par_1_2' title="bbox 53 401 1057 985">
     <span class='ocr_line' id='line_1_2' title="bbox 53 401 1029 479; baseline -0.008 -12"><span class='ocrx_word' id='word_1_9' title='bbox 53 410 166 467; x_wconf 73' lang='lat' dir='ltr'><strong>notas?</strong></span> <span class='ocrx_word' id='word_1_10' title='bbox 187 401 359 479; x_wconf 80' lang='lat' dir='ltr'><strong>pestilentia</strong></span> <span class='ocrx_word' id='word_1_11' title='bbox 375 408 431 461; x_wconf 89' lang='lat' dir='ltr'><strong>cst.</strong></span> <span class='ocrx_word' id='word_1_12' title='bbox 454 403 639 475; x_wconf 89' lang='lat' dir='ltr'><strong>placidiores</strong></span> <span class='ocrx_word' id='word_1_13' title='bbox 655 402 757 476; x_wconf 88' lang='lat' dir='ltr'><strong>itaque</strong></span> <span class='ocrx_word' id='word_1_14' title='bbox 771 403 902 463; x_wconf 92' lang='lat' dir='ltr'><strong>invicem</strong></span> <span class='ocrx_word' id='word_1_15' title='bbox 917 401 1029 463; x_wconf 76' lang='lat' dir='ltr'><strong>simuss</strong></span> 
     </span>
     <span class='ocr_line' id='line_1_3' title="bbox 53 486 1029 562; baseline -0.005 -12"><span class='ocrx_word' id='word_1_16' title='bbox 53 489 122 550; x_wconf 88' lang='lat' dir='ltr'><strong>mali</strong></span> <span class='ocrx_word' id='word_1_17' title='bbox 149 488 229 548; x_wconf 91' lang='lat' dir='ltr'><strong>inter</strong></span> <span class='ocrx_word' id='word_1_18' title='bbox 253 486 350 547; x_wconf 90' lang='lat' dir='ltr'><strong>malos</strong></span> <span class='ocrx_word' id='word_1_19' title='bbox 374 487 515 546; x_wconf 90' lang='lat' dir='ltr'><strong>vivimus.</strong></span> <span class='ocrx_word' id='word_1_20' title='bbox 547 503 608 545; x_wconf 93' lang='lat' dir='ltr'><strong>una</strong></span> <span class='ocrx_word' id='word_1_21' title='bbox 632 502 689 546; x_wconf 93' lang='lat' dir='ltr'><strong>uos</strong></span> <span class='ocrx_word' id='word_1_22' title='bbox 714 501 765 546; x_wconf 87' lang='lat' dir='ltr'><strong>res</strong></span> <span class='ocrx_word' id='word_1_23' title='bbox 786 488 887 546; x_wconf 87' lang='lat' dir='ltr'><strong>lacere</strong></span> <span class='ocrx_word' id='word_1_24' title='bbox 909 487 1029 562; x_wconf 90' lang='lat' dir='ltr'><strong>quietos</strong></span> 
     </span>
     <span class='ocr_line' id='line_1_4' title="bbox 56 569 1057 649; baseline -0.005 -14"><span class='ocrx_word' id='word_1_25' title='bbox 56 580 165 649; x_wconf 79' lang='lat' dir='ltr'><strong>potest</strong></span> <span class='ocrx_word' id='word_1_26' title='bbox 183 578 306 631; x_wconf 91' lang='lat' dir='ltr'><strong>mutuae</strong></span> <span class='ocrx_word' id='word_1_27' title='bbox 320 571 471 630; x_wconf 75' lang='lat' dir='ltr'><strong>facilitatis</strong></span> <span class='ocrx_word' id='word_1_28' title='bbox 488 570 658 630; x_wconf 91' lang='lat' dir='ltr'><strong>conventio.</strong></span> <span class='ocrx_word' id='word_1_29' title='bbox 688 569 743 629; x_wconf 92' lang='lat' dir='ltr'><strong>llle</strong></span> <span class='ocrx_word' id='word_1_30' title='bbox 757 570 815 628; x_wconf 92' lang='lat' dir='ltr'><strong>iam</strong></span> <span class='ocrx_word' id='word_1_31' title='bbox 830 570 901 629; x_wconf 90' lang='lat' dir='ltr'><strong>mihi</strong></span> <span class='ocrx_word' id='word_1_32' title='bbox 918 572 1057 642; x_wconf 75' lang='lat' dir='ltr'><strong>nocuita</strong></span> 
     </span>
     <span class='ocr_line' id='line_1_5' title="bbox 55 654 1030 734; baseline -0.001 -18"><span class='ocrx_word' id='word_1_33' title='bbox 55 675 111 734; x_wconf 84' lang='lat' dir='ltr'><strong>ego</strong></span> <span class='ocrx_word' id='word_1_34' title='bbox 127 656 171 716; x_wconf 95' lang='lat' dir='ltr'><strong>illi</strong></span> <span class='ocrx_word' id='word_1_35' title='bbox 186 655 331 715; x_wconf 84' lang='lat' dir='ltr'><strong>noudum.</strong></span> <span class='ocrx_word' id='word_1_36' title='bbox 364 655 421 715; x_wconf 91' lang='lat' dir='ltr'><strong>sed</strong></span> <span class='ocrx_word' id='word_1_37' title='bbox 437 655 496 715; x_wconf 89' lang='lat' dir='ltr'><strong>iam</strong></span> <span class='ocrx_word' id='word_1_38' title='bbox 511 655 642 729; x_wconf 85' lang='lat' dir='ltr'><strong>aliquem</strong></span> <span class='ocrx_word' id='word_1_39' title='bbox 663 654 794 714; x_wconf 84' lang='lat' dir='ltr'><strong>sortasse</strong></span> <span class='ocrx_word' id='word_1_40' title='bbox 815 654 941 715; x_wconf 85' lang='lat' dir='ltr'><strong>laesisti.</strong></span> <span class='ocrx_word' id='word_1_41' title='bbox 972 655 1030 715; x_wconf 89' lang='lat' dir='ltr'><strong>sed</strong></span> 
     </span>
     <span class='ocr_line' id='line_1_6' title="bbox 55 737 1029 802; baseline -0.002 -4"><span class='ocrx_word' id='word_1_42' title='bbox 55 743 170 802; x_wconf 90' lang='lat' dir='ltr'><strong>laedes.</strong></span> <span class='ocrx_word' id='word_1_43' title='bbox 192 739 255 798; x_wconf 91' lang='lat' dir='ltr'><strong>noli</strong></span> <span class='ocrx_word' id='word_1_44' title='bbox 270 739 432 799; x_wconf 87' lang='lat' dir='ltr'><strong>aestimare</strong></span> <span class='ocrx_word' id='word_1_45' title='bbox 446 739 525 798; x_wconf 89' lang='lat' dir='ltr'><strong>hanc</strong></span> <span class='ocrx_word' id='word_1_46' title='bbox 539 738 645 800; x_wconf 91' lang='lat' dir='ltr'><strong>boram</strong></span> <span class='ocrx_word' id='word_1_47' title='bbox 661 746 712 798; x_wconf 92' lang='lat' dir='ltr'><strong>aut</strong></span> <span class='ocrx_word' id='word_1_48' title='bbox 725 737 806 798; x_wconf 93' lang='lat' dir='ltr'><strong>hunc</strong></span> <span class='ocrx_word' id='word_1_49' title='bbox 822 737 912 797; x_wconf 89' lang='lat' dir='ltr'><strong>diem.</strong></span> <span class='ocrx_word' id='word_1_50' title='bbox 934 746 1029 798; x_wconf 91' lang='lat' dir='ltr'><strong>totum</strong></span> 
     </span>
     <span class='ocr_line' id='line_1_7' title="bbox 56 821 1029 901; baseline -0.003 -18"><span class='ocrx_word' id='word_1_51' title='bbox 56 826 172 901; x_wconf 82' lang='lat' dir='ltr'><strong>inspice</strong></span> <span class='ocrx_word' id='word_1_52' title='bbox 192 825 303 883; x_wconf 89' lang='lat' dir='ltr'><strong>mentis</strong></span> <span class='ocrx_word' id='word_1_53' title='bbox 324 830 393 882; x_wconf 92' lang='lat' dir='ltr'><strong>tuae</strong></span> <span class='ocrx_word' id='word_1_54' title='bbox 415 821 563 882; x_wconf 85' lang='lat' dir='ltr'><strong>habitum:</strong></span> <span class='ocrx_word' id='word_1_55' title='bbox 591 821 708 881; x_wconf 91' lang='lat' dir='ltr'><strong>etiamsi</strong></span> <span class='ocrx_word' id='word_1_56' title='bbox 731 822 801 880; x_wconf 86' lang='lat' dir='ltr'><strong>nihil</strong></span> <span class='ocrx_word' id='word_1_57' title='bbox 830 821 901 882; x_wconf 90' lang='lat' dir='ltr'><strong>mali</strong></span> <span class='ocrx_word' id='word_1_58' title='bbox 921 823 1029 896; x_wconf 82' lang='lat' dir='ltr'><strong>iecisti,</strong></span> 
     </span>
     <span class='ocr_line' id='line_1_8' title="bbox 57 910 272 985; baseline -0.023 -14"><span class='ocrx_word' id='word_1_59' title='bbox 57 918 143 985; x_wconf 86' lang='lat' dir='ltr'><strong>potes</strong></span> <span class='ocrx_word' id='word_1_60' title='bbox 159 910 272 968; x_wconf 88' lang='lat' dir='ltr'><strong>lacere.</strong></span> 
     </span>
    </p>

    <p class='ocr_par' dir='ltr' id='par_1_3' title="bbox 54 990 1061 3081">
     <span class='ocr_line' id='line_1_9' title="bbox 109 990 1058 1064; baseline -0.003 -12"><span class='ocrx_word' id='word_1_61' title='bbox 109 992 233 1053; x_wconf 88' lang='lat' dir='ltr'>XXVII.</span> <span class='ocrx_word' id='word_1_62' title='bbox 264 990 381 1064; x_wconf 81' lang='lat' dir='ltr'><strong>Quanto</strong></span> <span class='ocrx_word' id='word_1_63' title='bbox 402 990 498 1049; x_wconf 91' lang='lat' dir='ltr'><strong>satius</strong></span> <span class='ocrx_word' id='word_1_64' title='bbox 520 996 567 1048; x_wconf 92' lang='lat' dir='ltr'><strong>est</strong></span> <span class='ocrx_word' id='word_1_65' title='bbox 590 990 690 1049; x_wconf 91' lang='lat' dir='ltr'><strong>sanari</strong></span> <span class='ocrx_word' id='word_1_66' title='bbox 712 990 850 1050; x_wconf 89' lang='lat' dir='ltr'><strong>iniuriam</strong></span> <span class='ocrx_word' id='word_1_67' title='bbox 874 1006 965 1064; x_wconf 88' lang='lat' dir='ltr'><strong>quam</strong></span> <span class='ocrx_word' id='word_1_68' title='bbox 985 992 1058 1056; x_wconf 86' lang='lat' dir='ltr'><strong>ul-1</strong></span> 
     </span>
     <span class='ocr_line' id='line_1_10' title="bbox 56 1072 1030 1149; baseline -0.002 -13"><span class='ocrx_word' id='word_1_69' title='bbox 56 1078 147 1138; x_wconf 76' lang='lat' dir='ltr'><strong>cisci‘t</strong></span> <span class='ocrx_word' id='word_1_70' title='bbox 176 1075 303 1135; x_wconf 86' lang='lat' dir='ltr'><strong>Multum</strong></span> <span class='ocrx_word' id='word_1_71' title='bbox 323 1074 469 1149; x_wconf 91' lang='lat' dir='ltr'><strong>temporis</strong></span> <span class='ocrx_word' id='word_1_72' title='bbox 491 1074 563 1133; x_wconf 92' lang='lat' dir='ltr'><strong>ultio</strong></span> <span class='ocrx_word' id='word_1_73' title='bbox 576 1075 721 1147; x_wconf 88' lang='lat' dir='ltr'><strong>absumit,</strong></span> <span class='ocrx_word' id='word_1_74' title='bbox 743 1075 843 1135; x_wconf 90' lang='lat' dir='ltr'><strong>multis</strong></span> <span class='ocrx_word' id='word_1_75' title='bbox 860 1090 894 1133; x_wconf 93' lang='lat' dir='ltr'><strong>se</strong></span> <span class='ocrx_word' id='word_1_76' title='bbox 913 1072 1030 1134; x_wconf 90' lang='lat' dir='ltr'><strong>iniuriis</strong></span> 
     </span>
     <span class='ocr_line' id='line_1_11' title="bbox 57 1156 1030 1235; baseline -0.005 -13"><span class='ocrx_word' id='word_1_77' title='bbox 57 1160 154 1233; x_wconf 87' lang='lat' dir='ltr'><strong>obicit,</strong></span> <span class='ocrx_word' id='word_1_78' title='bbox 171 1160 243 1220; x_wconf 91' lang='lat' dir='ltr'><strong>dum</strong></span> <span class='ocrx_word' id='word_1_79' title='bbox 259 1175 320 1218; x_wconf 85' lang='lat' dir='ltr'><strong>una</strong></span> <span class='ocrx_word' id='word_1_80' title='bbox 335 1159 427 1219; x_wconf 92' lang='lat' dir='ltr'><strong>dolet.</strong></span> <span class='ocrx_word' id='word_1_81' title='bbox 441 1157 563 1218; x_wconf 71' lang='lat' dir='ltr'><strong>&#39;diutius</strong></span> <span class='ocrx_word' id='word_1_82' title='bbox 577 1156 737 1219; x_wconf 85' lang='lat' dir='ltr'><strong>irascimur</strong></span> <span class='ocrx_word' id='word_1_83' title='bbox 747 1175 853 1219; x_wconf 92' lang='lat' dir='ltr'><strong>omnes</strong></span> <span class='ocrx_word' id='word_1_84' title='bbox 867 1175 958 1235; x_wconf 91' lang='lat' dir='ltr'><strong>quam</strong></span> <span class='ocrx_word' id='word_1_85' title='bbox 970 1159 1030 1218; x_wconf 93' lang='lat' dir='ltr'><strong>lae·</strong></span> 
     </span>
     <span class='ocr_line' id='line_1_12' title="bbox 56 1242 1032 1319; baseline -0.004 -14"><span class='ocrx_word' id='word_1_86' title='bbox 56 1246 168 1306; x_wconf 75' lang='lat' dir='ltr'><strong>dimum</strong></span> <span class='ocrx_word' id='word_1_87' title='bbox 203 1251 317 1319; x_wconf 89' lang='lat' dir='ltr'><strong>quanto</strong></span> <span class='ocrx_word' id='word_1_88' title='bbox 343 1243 451 1302; x_wconf 91' lang='lat' dir='ltr'><strong>melius</strong></span> <span class='ocrx_word' id='word_1_89' title='bbox 475 1249 523 1302; x_wconf 90' lang='lat' dir='ltr'><strong>est</strong></span> <span class='ocrx_word' id='word_1_90' title='bbox 547 1242 632 1301; x_wconf 90' lang='lat' dir='ltr'><strong>abire</strong></span> <span class='ocrx_word' id='word_1_91' title='bbox 653 1242 684 1301; x_wconf 93' lang='lat' dir='ltr'><strong>in</strong></span> <span class='ocrx_word' id='word_1_92' title='bbox 705 1242 860 1303; x_wconf 89' lang='lat' dir='ltr'><strong>diversum</strong></span> <span class='ocrx_word' id='word_1_93' title='bbox 882 1258 939 1302; x_wconf 86' lang='lat' dir='ltr'><strong>nec</strong></span> <span class='ocrx_word' id='word_1_94' title='bbox 959 1242 1032 1301; x_wconf 90' lang='lat' dir='ltr'><strong>vitia</strong></span> 
     </span>
     <span class='ocr_line' id='line_1_13' title="bbox 56 1325 1030 1403; baseline -0.004 -16"><span class='ocrx_word' id='word_1_95' title='bbox 56 1329 132 1390; x_wconf 86' lang='lat' dir='ltr'><strong>vitiis</strong></span> <span class='ocrx_word' id='word_1_96' title='bbox 156 1335 336 1403; x_wconf 78' lang='lat' dir='ltr'><strong>opponeret</strong></span> <span class='ocrx_word' id='word_1_97' title='bbox 365 1327 442 1387; x_wconf 92' lang='lat' dir='ltr'><strong>Num</strong></span> <span class='ocrx_word' id='word_1_98' title='bbox 465 1326 534 1400; x_wconf 92' lang='lat' dir='ltr'><strong>quis</strong></span> <span class='ocrx_word' id='word_1_99' title='bbox 550 1327 624 1386; x_wconf 90' lang='lat' dir='ltr'><strong>satis</strong></span> <span class='ocrx_word' id='word_1_100' title='bbox 641 1334 782 1386; x_wconf 83' lang='lat' dir='ltr'><strong>constare</strong></span> <span class='ocrx_word' id='word_1_101' title='bbox 804 1327 862 1387; x_wconf 93' lang='lat' dir='ltr'><strong>sibi</strong></span> <span class='ocrx_word' id='word_1_102' title='bbox 883 1325 1030 1398; x_wconf 90' lang='lat' dir='ltr'><strong>videatur,</strong></span> 
     </span>
     <span class='ocr_line' id='line_1_14' title="bbox 55 1408 1030 1485; baseline -0.005 -12"><span class='ocrx_word' id='word_1_103' title='bbox 55 1413 79 1473; x_wconf 89' lang='lat' dir='ltr'><strong>si</strong></span> <span class='ocrx_word' id='word_1_104' title='bbox 95 1412 212 1473; x_wconf 85' lang='lat' dir='ltr'><strong>mulam</strong></span> <span class='ocrx_word' id='word_1_105' title='bbox 227 1410 361 1471; x_wconf 85' lang='lat' dir='ltr'><strong>calcibus</strong></span> <span class='ocrx_word' id='word_1_106' title='bbox 376 1418 494 1485; x_wconf 86' lang='lat' dir='ltr'><strong>repetat</strong></span> <span class='ocrx_word' id='word_1_107' title='bbox 509 1418 538 1469; x_wconf 92' lang='lat' dir='ltr'><strong>et</strong></span> <span class='ocrx_word' id='word_1_108' title='bbox 550 1426 657 1470; x_wconf 87' lang='lat' dir='ltr'><strong>canem</strong></span> <span class='ocrx_word' id='word_1_109' title='bbox 668 1418 795 1471; x_wconf 70' lang='lat' dir='ltr'><strong>morsui</strong></span> <span class='ocrx_word' id='word_1_110' title='bbox 812 1411 901 1484; x_wconf 90' lang='lat' dir='ltr'><strong>„lsta,</strong></span> <span class='ocrx_word' id='word_1_111' title='bbox 917 1408 1030 1485; x_wconf 84' lang='lat' dir='ltr'><strong>inquis,</strong></span> 
     </span>
     <span class='ocr_line' id='line_1_15' title="bbox 55 1494 1059 1572; baseline -0.005 -15"><span class='ocrx_word' id='word_1_112' title='bbox 55 1512 187 1572; x_wconf 86' lang='lat' dir='ltr'><strong>peccare</strong></span> <span class='ocrx_word' id='word_1_113' title='bbox 206 1511 241 1555; x_wconf 93' lang='lat' dir='ltr'><strong>se</strong></span> <span class='ocrx_word' id='word_1_114' title='bbox 258 1495 428 1555; x_wconf 87' lang='lat' dir='ltr'><strong>nesciunt.“</strong></span> <span class='ocrx_word' id='word_1_115' title='bbox 458 1495 589 1553; x_wconf 88' lang='lat' dir='ltr'><strong>Primum</strong></span> <span class='ocrx_word' id='word_1_116' title='bbox 605 1511 694 1568; x_wconf 92' lang='lat' dir='ltr'><strong>quam</strong></span> <span class='ocrx_word' id='word_1_117' title='bbox 714 1494 838 1570; x_wconf 89' lang='lat' dir='ltr'><strong>iniquus</strong></span> <span class='ocrx_word' id='word_1_118' title='bbox 860 1500 920 1566; x_wconf 91' lang='lat' dir='ltr'><strong>est,</strong></span> <span class='ocrx_word' id='word_1_119' title='bbox 947 1494 1059 1568; x_wconf 72' lang='lat' dir='ltr'><strong>apuda</strong></span> 
     </span>
     <span class='ocr_line' id='line_1_16' title="bbox 55 1579 1032 1657; baseline -0.007 -16"><span class='ocrx_word' id='word_1_120' title='bbox 55 1598 144 1657; x_wconf 86' lang='lat' dir='ltr'><strong>quem</strong></span> <span class='ocrx_word' id='word_1_121' title='bbox 176 1580 329 1639; x_wconf 89' lang='lat' dir='ltr'><strong>bominem</strong></span> <span class='ocrx_word' id='word_1_122' title='bbox 360 1594 431 1639; x_wconf 89' lang='lat' dir='ltr'><strong>csse</strong></span> <span class='ocrx_word' id='word_1_123' title='bbox 463 1580 502 1638; x_wconf 91' lang='lat' dir='ltr'><strong>ad</strong></span> <span class='ocrx_word' id='word_1_124' title='bbox 533 1579 743 1652; x_wconf 87' lang='lat' dir='ltr'><strong>inpetrandam</strong></span> <span class='ocrx_word' id='word_1_125' title='bbox 776 1579 894 1637; x_wconf 85' lang='lat' dir='ltr'><strong>veniam</strong></span> <span class='ocrx_word' id='word_1_126' title='bbox 921 1584 1032 1639; x_wconf 72' lang='lat' dir='ltr'><strong>nocet?</strong></span> 
     </span>
     <span class='ocr_line' id='line_1_17' title="bbox 54 1661 1029 1738; baseline -0.004 -13"><span class='ocrx_word' id='word_1_127' title='bbox 54 1666 172 1725; x_wconf 88' lang='lat' dir='ltr'><strong>Deinde</strong></span> <span class='ocrx_word' id='word_1_128' title='bbox 196 1664 222 1722; x_wconf 89' lang='lat' dir='ltr'><strong>si</strong></span> <span class='ocrx_word' id='word_1_129' title='bbox 246 1670 346 1723; x_wconf 89' lang='lat' dir='ltr'><strong>cetera</strong></span> <span class='ocrx_word' id='word_1_130' title='bbox 362 1661 501 1721; x_wconf 90' lang='lat' dir='ltr'><strong>animalia</strong></span> <span class='ocrx_word' id='word_1_131' title='bbox 522 1662 581 1721; x_wconf 91' lang='lat' dir='ltr'><strong>hoc</strong></span> <span class='ocrx_word' id='word_1_132' title='bbox 596 1662 745 1723; x_wconf 90' lang='lat' dir='ltr'><strong>iraetuae</strong></span> <span class='ocrx_word' id='word_1_133' title='bbox 760 1662 919 1735; x_wconf 88' lang='lat' dir='ltr'><strong>subducit,</strong></span> <span class='ocrx_word' id='word_1_134' title='bbox 947 1663 1029 1738; x_wconf 91' lang='lat' dir='ltr'><strong>quod</strong></span> 
     </span>
     <span class='ocr_line' id='line_1_18' title="bbox 54 1746 1031 1822; baseline -0.003 -14"><span class='ocrx_word' id='word_1_135' title='bbox 54 1748 184 1810; x_wconf 92' lang='lat' dir='ltr'><strong>consilio</strong></span> <span class='ocrx_word' id='word_1_136' title='bbox 211 1754 331 1821; x_wconf 91' lang='lat' dir='ltr'><strong>carent,</strong></span> <span class='ocrx_word' id='word_1_137' title='bbox 362 1746 470 1806; x_wconf 90' lang='lat' dir='ltr'><strong>eodem</strong></span> <span class='ocrx_word' id='word_1_138' title='bbox 502 1748 570 1805; x_wconf 90' lang='lat' dir='ltr'><strong>loco</strong></span> <span class='ocrx_word' id='word_1_139' title='bbox 595 1746 649 1805; x_wconf 89' lang='lat' dir='ltr'><strong>tibi</strong></span> <span class='ocrx_word' id='word_1_140' title='bbox 671 1748 711 1806; x_wconf 88' lang='lat' dir='ltr'><strong>sit</strong></span> <span class='ocrx_word' id='word_1_141' title='bbox 736 1747 876 1822; x_wconf 89' lang='lat' dir='ltr'><strong>quisquis</strong></span> <span class='ocrx_word' id='word_1_142' title='bbox 904 1747 1031 1806; x_wconf 92' lang='lat' dir='ltr'><strong>consilio</strong></span> 
     </span>
     <span class='ocr_line' id='line_1_19' title="bbox 55 1830 1031 1907; baseline -0.004 -14"><span class='ocrx_word' id='word_1_143' title='bbox 55 1840 146 1894; x_wconf 91' lang='lat' dir='ltr'><strong>caret.</strong></span> <span class='ocrx_word' id='word_1_144' title='bbox 178 1830 252 1907; x_wconf 90' lang='lat' dir='ltr'><strong>quid</strong></span> <span class='ocrx_word' id='word_1_145' title='bbox 274 1831 353 1890; x_wconf 90' lang='lat' dir='ltr'><strong>enirn</strong></span> <span class='ocrx_word' id='word_1_146' title='bbox 374 1831 467 1890; x_wconf 86' lang='lat' dir='ltr'><strong>relert</strong></span> <span class='ocrx_word' id='word_1_147' title='bbox 487 1847 525 1889; x_wconf 89' lang='lat' dir='ltr'><strong>an</strong></span> <span class='ocrx_word' id='word_1_148' title='bbox 546 1830 605 1889; x_wconf 90' lang='lat' dir='ltr'><strong>alia</strong></span> <span class='ocrx_word' id='word_1_149' title='bbox 626 1831 717 1890; x_wconf 90' lang='lat' dir='ltr'><strong>mutis</strong></span> <span class='ocrx_word' id='word_1_150' title='bbox 732 1831 892 1890; x_wconf 89' lang='lat' dir='ltr'><strong>dissimilia</strong></span> <span class='ocrx_word' id='word_1_151' title='bbox 912 1830 1031 1903; x_wconf 90' lang='lat' dir='ltr'><strong>habeat,</strong></span> 
     </span>
     <span class='ocr_line' id='line_1_20' title="bbox 54 1913 1031 1991; baseline -0.003 -15"><span class='ocrx_word' id='word_1_152' title='bbox 54 1919 79 1976; x_wconf 92' lang='lat' dir='ltr'><strong>si</strong></span> <span class='ocrx_word' id='word_1_153' title='bbox 93 1918 156 1978; x_wconf 92' lang='lat' dir='ltr'><strong>hoc</strong></span> <span class='ocrx_word' id='word_1_154' title='bbox 171 1917 255 1991; x_wconf 89' lang='lat' dir='ltr'><strong>quod</strong></span> <span class='ocrx_word' id='word_1_155' title='bbox 271 1914 300 1973; x_wconf 91' lang='lat' dir='ltr'><strong>in</strong></span> <span class='ocrx_word' id='word_1_156' title='bbox 316 1913 399 1974; x_wconf 90' lang='lat' dir='ltr'><strong>omni</strong></span> <span class='ocrx_word' id='word_1_157' title='bbox 414 1924 540 1987; x_wconf 89' lang='lat' dir='ltr'><strong>peccato</strong></span> <span class='ocrx_word' id='word_1_158' title='bbox 556 1921 638 1974; x_wconf 91' lang='lat' dir='ltr'><strong>muta</strong></span> <span class='ocrx_word' id='word_1_159' title='bbox 653 1915 802 1986; x_wconf 79' lang='lat' dir='ltr'><strong>defendit,</strong></span> <span class='ocrx_word' id='word_1_160' title='bbox 820 1914 917 1974; x_wconf 91' lang='lat' dir='ltr'><strong>simile</strong></span> <span class='ocrx_word' id='word_1_161' title='bbox 931 1914 1031 1987; x_wconf 91' lang='lat' dir='ltr'><strong>habet,</strong></span> 
     </span>
     <span class='ocr_line' id='line_1_21' title="bbox 56 1997 1061 2077; baseline -0.002 -16"><span class='ocrx_word' id='word_1_162' title='bbox 56 2001 217 2077; x_wconf 80' lang='lat' dir='ltr'><strong>caliginem</strong></span> <span class='ocrx_word' id='word_1_163' title='bbox 243 1999 373 2058; x_wconf 70' lang='lat' dir='ltr'><strong>mentis?</strong></span> <span class='ocrx_word' id='word_1_164' title='bbox 410 1997 567 2057; x_wconf 87' lang='lat' dir='ltr'><strong>Peccavit:</strong></span> <span class='ocrx_word' id='word_1_165' title='bbox 598 1999 657 2059; x_wconf 91' lang='lat' dir='ltr'><strong>hoc</strong></span> <span class='ocrx_word' id='word_1_166' title='bbox 682 1997 760 2057; x_wconf 90' lang='lat' dir='ltr'><strong>enim</strong></span> <span class='ocrx_word' id='word_1_167' title='bbox 786 1999 938 2073; x_wconf 77' lang='lat' dir='ltr'><strong>primuml</strong></span> <span class='ocrx_word' id='word_1_168' title='bbox 973 1999 1061 2060; x_wconf 69' lang='lat' dir='ltr'><strong>bocb</strong></span> 
     </span>
     <span class='ocr_line' id='line_1_22' title="bbox 55 2083 1032 2157; baseline -0.005 -14"><span class='ocrx_word' id='word_1_169' title='bbox 55 2087 135 2145; x_wconf 83' lang='lat' dir='ltr'><strong>enim</strong></span> <span class='ocrx_word' id='word_1_170' title='bbox 148 2089 339 2144; x_wconf 71' lang='lat' dir='ltr'><strong>extremum?</strong></span> <span class='ocrx_word' id='word_1_171' title='bbox 368 2098 427 2142; x_wconf 93' lang='lat' dir='ltr'><strong>non</strong></span> <span class='ocrx_word' id='word_1_172' title='bbox 443 2090 491 2141; x_wconf 92' lang='lat' dir='ltr'><strong>est</strong></span> <span class='ocrx_word' id='word_1_173' title='bbox 506 2083 588 2157; x_wconf 91' lang='lat' dir='ltr'><strong>quud</strong></span> <span class='ocrx_word' id='word_1_174' title='bbox 603 2083 644 2142; x_wconf 94' lang='lat' dir='ltr'><strong>illi</strong></span> <span class='ocrx_word' id='word_1_175' title='bbox 660 2084 785 2154; x_wconf 90' lang='lat' dir='ltr'><strong>credas,</strong></span> <span class='ocrx_word' id='word_1_176' title='bbox 808 2084 925 2144; x_wconf 90' lang='lat' dir='ltr'><strong>etiamsi</strong></span> <span class='ocrx_word' id='word_1_177' title='bbox 941 2084 1032 2144; x_wconf 85' lang='lat' dir='ltr'><strong>dixit:</strong></span> 
     </span>
     <span class='ocr_line' id='line_1_23' title="bbox 54 2165 1034 2241; baseline -0.001 -14"><span class='ocrx_word' id='word_1_178' title='bbox 54 2170 163 2230; x_wconf 90' lang='lat' dir='ltr'><strong>iterum</strong></span> <span class='ocrx_word' id='word_1_179' title='bbox 186 2184 248 2227; x_wconf 90' lang='lat' dir='ltr'><strong>non</strong></span> <span class='ocrx_word' id='word_1_180' title='bbox 268 2167 386 2224; x_wconf 84' lang='lat' dir='ltr'><strong>faciam.</strong></span> <span class='ocrx_word' id='word_1_181' title='bbox 415 2175 445 2225; x_wconf 87' lang='lat' dir='ltr'><strong>et</strong></span> <span class='ocrx_word' id='word_1_182' title='bbox 467 2165 525 2225; x_wconf 89' lang='lat' dir='ltr'><strong>iste</strong></span> <span class='ocrx_word' id='word_1_183' title='bbox 545 2167 685 2241; x_wconf 87' lang='lat' dir='ltr'><strong>peccabit</strong></span> <span class='ocrx_word' id='word_1_184' title='bbox 705 2167 783 2227; x_wconf 90' lang='lat' dir='ltr'><strong>etin</strong></span> <span class='ocrx_word' id='word_1_185' title='bbox 805 2168 894 2227; x_wconf 92' lang='lat' dir='ltr'><strong>istum</strong></span> <span class='ocrx_word' id='word_1_186' title='bbox 910 2167 988 2226; x_wconf 90' lang='lat' dir='ltr'><strong>alius</strong></span> <span class='ocrx_word' id='word_1_187' title='bbox 1002 2173 1034 2226; x_wconf 88' lang='lat' dir='ltr'><strong>ct</strong></span> 
     </span>
     <span class='ocr_line' id='line_1_24' title="bbox 54 2249 1032 2316; baseline -0.006 0"><span class='ocrx_word' id='word_1_188' title='bbox 54 2261 116 2316; x_wconf 84' lang='lat' dir='ltr'><strong>tota</strong></span> <span class='ocrx_word' id='word_1_189' title='bbox 132 2250 197 2311; x_wconf 85' lang='lat' dir='ltr'><strong>vita</strong></span> <span class='ocrx_word' id='word_1_190' title='bbox 217 2250 295 2310; x_wconf 88' lang='lat' dir='ltr'><strong>inter</strong></span> <span class='ocrx_word' id='word_1_191' title='bbox 310 2265 432 2310; x_wconf 89' lang='lat' dir='ltr'><strong>errores</strong></span> <span class='ocrx_word' id='word_1_192' title='bbox 447 2249 638 2310; x_wconf 88' lang='lat' dir='ltr'><strong>volutabitur.</strong></span> <span class='ocrx_word' id='word_1_193' title='bbox 667 2251 826 2311; x_wconf 86' lang='lat' dir='ltr'><strong>Mansuete</strong></span> <span class='ocrx_word' id='word_1_194' title='bbox 841 2253 1032 2312; x_wconf 90' lang='lat' dir='ltr'><strong>inmansueta</strong></span> 
     </span>
     <span class='ocr_line' id='line_1_25' title="bbox 54 2333 1060 2407; baseline 0 -11"><span class='ocrx_word' id='word_1_195' title='bbox 54 2337 214 2396; x_wconf 88' lang='lat' dir='ltr'><strong>tractanda</strong></span> <span class='ocrx_word' id='word_1_196' title='bbox 228 2342 307 2395; x_wconf 89' lang='lat' dir='ltr'><strong>sunt.</strong></span> <span class='ocrx_word' id='word_1_197' title='bbox 337 2333 425 2407; x_wconf 78' lang='lat' dir='ltr'><strong>Quod</strong></span> <span class='ocrx_word' id='word_1_198' title='bbox 439 2333 470 2392; x_wconf 93' lang='lat' dir='ltr'><strong>in</strong></span> <span class='ocrx_word' id='word_1_199' title='bbox 485 2335 567 2394; x_wconf 89' lang='lat' dir='ltr'><strong>luctu</strong></span> <span class='ocrx_word' id='word_1_200' title='bbox 583 2335 642 2393; x_wconf 91' lang='lat' dir='ltr'><strong>dici</strong></span> <span class='ocrx_word' id='word_1_201' title='bbox 660 2336 738 2396; x_wconf 89' lang='lat' dir='ltr'><strong>solet</strong></span> <span class='ocrx_word' id='word_1_202' title='bbox 753 2335 980 2407; x_wconf 84' lang='lat' dir='ltr'><strong>efficacissime,</strong></span> <span class='ocrx_word' id='word_1_203' title='bbox 1003 2342 1060 2396; x_wconf 76' lang='lat' dir='ltr'><strong>etl</strong></span> 
     </span>
     <span class='ocr_line' id='line_1_26' title="bbox 55 2417 1032 2493; baseline -0.006 -11"><span class='ocrx_word' id='word_1_204' title='bbox 55 2423 85 2482; x_wconf 90' lang='lat' dir='ltr'><strong>in</strong></span> <span class='ocrx_word' id='word_1_205' title='bbox 101 2421 148 2480; x_wconf 93' lang='lat' dir='ltr'><strong>ira</strong></span> <span class='ocrx_word' id='word_1_206' title='bbox 163 2420 292 2479; x_wconf 87' lang='lat' dir='ltr'><strong>dicetur:</strong></span> <span class='ocrx_word' id='word_1_207' title='bbox 311 2427 409 2478; x_wconf 91' lang='lat' dir='ltr'><strong>utrum</strong></span> <span class='ocrx_word' id='word_1_208' title='bbox 424 2417 588 2493; x_wconf 88' lang='lat' dir='ltr'><strong>aliquando</strong></span> <span class='ocrx_word' id='word_1_209' title='bbox 604 2419 726 2478; x_wconf 91' lang='lat' dir='ltr'><strong>desines</strong></span> <span class='ocrx_word' id='word_1_210' title='bbox 742 2436 779 2477; x_wconf 89' lang='lat' dir='ltr'><strong>an</strong></span> <span class='ocrx_word' id='word_1_211' title='bbox 797 2424 984 2493; x_wconf 72' lang='lat' dir='ltr'><strong>numquam?</strong></span> <span class='ocrx_word' id='word_1_212' title='bbox 1005 2418 1032 2476; x_wconf 93' lang='lat' dir='ltr'><strong>si</strong></span> 
     </span>
     <span class='ocr_line' id='line_1_27' title="bbox 55 2501 1031 2579; baseline -0.004 -15"><span class='ocrx_word' id='word_1_213' title='bbox 55 2503 238 2579; x_wconf 87' lang='lat' dir='ltr'><strong>aliquando,</strong></span> <span class='ocrx_word' id='word_1_214' title='bbox 263 2510 375 2576; x_wconf 90' lang='lat' dir='ltr'><strong>quanto</strong></span> <span class='ocrx_word' id='word_1_215' title='bbox 404 2502 499 2562; x_wconf 88' lang='lat' dir='ltr'><strong>satius</strong></span> <span class='ocrx_word' id='word_1_216' title='bbox 520 2512 568 2562; x_wconf 93' lang='lat' dir='ltr'><strong>est</strong></span> <span class='ocrx_word' id='word_1_217' title='bbox 594 2503 669 2560; x_wconf 89' lang='lat' dir='ltr'><strong>iram</strong></span> <span class='ocrx_word' id='word_1_218' title='bbox 689 2502 861 2577; x_wconf 89' lang='lat' dir='ltr'><strong>relinquere</strong></span> <span class='ocrx_word' id='word_1_219' title='bbox 882 2518 973 2577; x_wconf 88' lang='lat' dir='ltr'><strong>quam</strong></span> <span class='ocrx_word' id='word_1_220' title='bbox 993 2501 1031 2560; x_wconf 89' lang='lat' dir='ltr'><strong>ab</strong></span> 
     </span>
     <span class='ocr_line' id='line_1_28' title="bbox 55 2586 1031 2661; baseline 0 -15"><span class='ocrx_word' id='word_1_221' title='bbox 55 2590 100 2646; x_wconf 86' lang='lat' dir='ltr'><strong>ira</strong></span> <span class='ocrx_word' id='word_1_222' title='bbox 114 2586 267 2660; x_wconf 77' lang='lat' dir='ltr'><strong>relinquit</strong></span> <span class='ocrx_word' id='word_1_223' title='bbox 288 2603 326 2645; x_wconf 88' lang='lat' dir='ltr'><strong>an</strong></span> <span class='ocrx_word' id='word_1_224' title='bbox 343 2601 464 2660; x_wconf 87' lang='lat' dir='ltr'><strong>semper</strong></span> <span class='ocrx_word' id='word_1_225' title='bbox 476 2586 552 2644; x_wconf 90' lang='lat' dir='ltr'><strong>baec</strong></span> <span class='ocrx_word' id='word_1_226' title='bbox 565 2586 706 2660; x_wconf 84' lang='lat' dir='ltr'><strong>cogitatio</strong></span> <span class='ocrx_word' id='word_1_227' title='bbox 720 2587 929 2661; x_wconf 72' lang='lat' dir='ltr'><strong>permanebit?</strong></span> <span class='ocrx_word' id='word_1_228' title='bbox 946 2586 1031 2646; x_wconf 86' lang='lat' dir='ltr'><strong>vides</strong></span> 
     </span>
     <span class='ocr_line' id='line_1_29' title="bbox 57 2670 1033 2745; baseline -0.002 -13"><span class='ocrx_word' id='word_1_229' title='bbox 57 2688 150 2745; x_wconf 88' lang='lat' dir='ltr'><strong>quam</strong></span> <span class='ocrx_word' id='word_1_230' title='bbox 171 2672 341 2745; x_wconf 80' lang='lat' dir='ltr'><strong>inpacatum</strong></span> <span class='ocrx_word' id='word_1_231' title='bbox 363 2670 415 2729; x_wconf 91' lang='lat' dir='ltr'><strong>tibi</strong></span> <span class='ocrx_word' id='word_1_232' title='bbox 436 2671 596 2729; x_wconf 90' lang='lat' dir='ltr'><strong>denunties</strong></span> <span class='ocrx_word' id='word_1_233' title='bbox 618 2671 726 2729; x_wconf 85' lang='lat' dir='ltr'><strong>vitam:</strong></span> <span class='ocrx_word' id='word_1_234' title='bbox 754 2671 851 2745; x_wconf 90' lang='lat' dir='ltr'><strong>qualis</strong></span> <span class='ocrx_word' id='word_1_235' title='bbox 874 2671 954 2730; x_wconf 91' lang='lat' dir='ltr'><strong>enim</strong></span> <span class='ocrx_word' id='word_1_236' title='bbox 977 2671 1033 2730; x_wconf 89' lang='lat' dir='ltr'><strong>erit</strong></span> 
     </span>
     <span class='ocr_line' id='line_1_30' title="bbox 56 2754 1060 2830; baseline -0.004 -16"><span class='ocrx_word' id='word_1_237' title='bbox 56 2770 180 2830; x_wconf 89' lang='lat' dir='ltr'><strong>semper</strong></span> <span class='ocrx_word' id='word_1_238' title='bbox 201 2755 365 2814; x_wconf 71' lang='lat' dir='ltr'><strong>tumentis?</strong></span> <span class='ocrx_word' id='word_1_239' title='bbox 395 2754 491 2812; x_wconf 85' lang='lat' dir='ltr'><strong>Adice</strong></span> <span class='ocrx_word' id='word_1_240' title='bbox 512 2771 605 2825; x_wconf 93' lang='lat' dir='ltr'><strong>nunc,</strong></span> <span class='ocrx_word' id='word_1_241' title='bbox 628 2755 711 2829; x_wconf 92' lang='lat' dir='ltr'><strong>quod</strong></span> <span class='ocrx_word' id='word_1_242' title='bbox 733 2770 801 2814; x_wconf 95' lang='lat' dir='ltr'><strong>cum</strong></span> <span class='ocrx_word' id='word_1_243' title='bbox 822 2756 940 2815; x_wconf 84' lang='lat' dir='ltr'><strong>berete</strong></span> <span class='ocrx_word' id='word_1_244' title='bbox 962 2755 1060 2829; x_wconf 72' lang='lat' dir='ltr'><strong>ipseo</strong></span> 
     </span>
     <span class='ocr_line' id='line_1_31' title="bbox 56 2837 1030 2913; baseline 0.001 -14"><span class='ocrx_word' id='word_1_245' title='bbox 56 2837 256 2899; x_wconf 89' lang='lat' dir='ltr'><strong>succenderis</strong></span> <span class='ocrx_word' id='word_1_246' title='bbox 271 2846 301 2899; x_wconf 91' lang='lat' dir='ltr'><strong>et</strong></span> <span class='ocrx_word' id='word_1_247' title='bbox 314 2837 444 2897; x_wconf 87' lang='lat' dir='ltr'><strong>subinde</strong></span> <span class='ocrx_word' id='word_1_248' title='bbox 467 2854 592 2910; x_wconf 89' lang='lat' dir='ltr'><strong>causas,</strong></span> <span class='ocrx_word' id='word_1_249' title='bbox 616 2838 726 2912; x_wconf 93' lang='lat' dir='ltr'><strong>quibus</strong></span> <span class='ocrx_word' id='word_1_250' title='bbox 743 2837 922 2913; x_wconf 87' lang='lat' dir='ltr'><strong>stimuleris,</strong></span> <span class='ocrx_word' id='word_1_251' title='bbox 942 2855 1030 2900; x_wconf 89' lang='lat' dir='ltr'><strong>reno-</strong></span> 
     </span>
     <span class='ocr_line' id='line_1_32' title="bbox 55 2921 1031 2996; baseline 0 -14"><span class='ocrx_word' id='word_1_252' title='bbox 55 2924 195 2996; x_wconf 87' lang='lat' dir='ltr'><strong>vaveris,</strong></span> <span class='ocrx_word' id='word_1_253' title='bbox 215 2936 273 2981; x_wconf 87' lang='lat' dir='ltr'><strong>sua</strong></span> <span class='ocrx_word' id='word_1_254' title='bbox 293 2928 404 2995; x_wconf 90' lang='lat' dir='ltr'><strong>sponte</strong></span> <span class='ocrx_word' id='word_1_255' title='bbox 424 2922 469 2980; x_wconf 89' lang='lat' dir='ltr'><strong>ira</strong></span> <span class='ocrx_word' id='word_1_256' title='bbox 483 2922 622 2982; x_wconf 89' lang='lat' dir='ltr'><strong>discedet</strong></span> <span class='ocrx_word' id='word_1_257' title='bbox 635 2929 665 2981; x_wconf 90' lang='lat' dir='ltr'><strong>et</strong></span> <span class='ocrx_word' id='word_1_258' title='bbox 678 2922 760 2982; x_wconf 90' lang='lat' dir='ltr'><strong>vires</strong></span> <span class='ocrx_word' id='word_1_259' title='bbox 774 2921 815 2980; x_wconf 91' lang='lat' dir='ltr'><strong>illi</strong></span> <span class='ocrx_word' id='word_1_260' title='bbox 831 2922 898 2983; x_wconf 88' lang='lat' dir='ltr'><strong>dies</strong></span> <span class='ocrx_word' id='word_1_261' title='bbox 913 2923 1031 2983; x_wconf 88' lang='lat' dir='ltr'><strong>subtra-</strong></span> 
     </span>
     <span class='ocr_line' id='line_1_33' title="bbox 57 3006 908 3081; baseline 0.002 -16"><span class='ocrx_word' id='word_1_262' title='bbox 57 3007 121 3067; x_wconf 80' lang='lat' dir='ltr'><strong>het:</strong></span> <span class='ocrx_word' id='word_1_263' title='bbox 145 3013 258 3081; x_wconf 88' lang='lat' dir='ltr'><strong>quanto</strong></span> <span class='ocrx_word' id='word_1_264' title='bbox 274 3006 371 3066; x_wconf 87' lang='lat' dir='ltr'><strong>satius</strong></span> <span class='ocrx_word' id='word_1_265' title='bbox 387 3014 509 3067; x_wconf 90' lang='lat' dir='ltr'><strong>estate</strong></span> <span class='ocrx_word' id='word_1_266' title='bbox 525 3007 604 3064; x_wconf 89' lang='lat' dir='ltr'><strong>illam</strong></span> <span class='ocrx_word' id='word_1_267' title='bbox 618 3007 697 3065; x_wconf 83' lang='lat' dir='ltr'><strong>vinci</strong></span> <span class='ocrx_word' id='word_1_268' title='bbox 714 3022 804 3081; x_wconf 91' lang='lat' dir='ltr'><strong>quam</strong></span> <span class='ocrx_word' id='word_1_269' title='bbox 819 3023 837 3064; x_wconf 88' lang='lat' dir='ltr'><strong>a</strong></span> <span class='ocrx_word' id='word_1_270' title='bbox 852 3014 908 3067; x_wconf 76' lang='lat' dir='ltr'><strong>set</strong></span> 
     </span>
    </p>

    <p class='ocr_par' dir='ltr' id='par_1_4' title="bbox 57 3089 1059 3589">
     <span class='ocr_line' id='line_1_34' title="bbox 118 3089 1059 3165; baseline 0.002 -15"><span class='ocrx_word' id='word_1_271' title='bbox 118 3089 253 3150; x_wconf 89' lang='lat' dir='ltr'><strong>XXVlll.</strong></span> <span class='ocrx_word' id='word_1_272' title='bbox 283 3090 361 3149; x_wconf 89' lang='lat' dir='ltr'><strong>Huic</strong></span> <span class='ocrx_word' id='word_1_273' title='bbox 383 3089 539 3161; x_wconf 90' lang='lat' dir='ltr'><strong>irasceris,</strong></span> <span class='ocrx_word' id='word_1_274' title='bbox 568 3090 679 3149; x_wconf 92' lang='lat' dir='ltr'><strong>deinde</strong></span> <span class='ocrx_word' id='word_1_275' title='bbox 697 3091 747 3150; x_wconf 92' lang='lat' dir='ltr'><strong>illi.</strong></span> <span class='ocrx_word' id='word_1_276' title='bbox 779 3089 894 3165; x_wconf 87' lang='lat' dir='ltr'><strong>servis,</strong></span> <span class='ocrx_word' id='word_1_277' title='bbox 920 3089 1059 3152; x_wconf 91' lang='lat' dir='ltr'><strong>deindel</strong></span> 
     </span>
     <span class='ocr_line' id='line_1_35' title="bbox 57 3172 1030 3250; baseline 0 -16"><span class='ocrx_word' id='word_1_278' title='bbox 57 3175 182 3234; x_wconf 87' lang='lat' dir='ltr'><strong>libertis.</strong></span> <span class='ocrx_word' id='word_1_279' title='bbox 206 3175 397 3248; x_wconf 87' lang='lat' dir='ltr'><strong>parentibus,</strong></span> <span class='ocrx_word' id='word_1_280' title='bbox 413 3174 524 3232; x_wconf 89' lang='lat' dir='ltr'><strong>deinde</strong></span> <span class='ocrx_word' id='word_1_281' title='bbox 538 3172 651 3234; x_wconf 89' lang='lat' dir='ltr'><strong>liberis.</strong></span> <span class='ocrx_word' id='word_1_282' title='bbox 673 3175 767 3248; x_wconf 90' lang='lat' dir='ltr'><strong>notis,</strong></span> <span class='ocrx_word' id='word_1_283' title='bbox 784 3174 895 3234; x_wconf 91' lang='lat' dir='ltr'><strong>deinde</strong></span> <span class='ocrx_word' id='word_1_284' title='bbox 908 3175 1030 3250; x_wconf 78' lang='lat' dir='ltr'><strong>ignotis.</strong></span> 
     </span>
     <span class='ocr_line' id='line_1_36' title="bbox 58 3255 1030 3334; baseline 0.003 -16"><span class='ocrx_word' id='word_1_285' title='bbox 58 3259 171 3334; x_wconf 92' lang='lat' dir='ltr'><strong>ubique</strong></span> <span class='ocrx_word' id='word_1_286' title='bbox 192 3257 271 3316; x_wconf 92' lang='lat' dir='ltr'><strong>enim</strong></span> <span class='ocrx_word' id='word_1_287' title='bbox 293 3255 406 3318; x_wconf 87' lang='lat' dir='ltr'><strong>causae</strong></span> <span class='ocrx_word' id='word_1_288' title='bbox 425 3264 604 3332; x_wconf 90' lang='lat' dir='ltr'><strong>supersunt,</strong></span> <span class='ocrx_word' id='word_1_289' title='bbox 632 3258 688 3317; x_wconf 91' lang='lat' dir='ltr'><strong>nisi</strong></span> <span class='ocrx_word' id='word_1_290' title='bbox 710 3260 892 3333; x_wconf 88' lang='lat' dir='ltr'><strong>deprecator</strong></span> <span class='ocrx_word' id='word_1_291' title='bbox 911 3260 1030 3321; x_wconf 89' lang='lat' dir='ltr'><strong>animus</strong></span> 
     </span>
     <span class='ocr_line' id='line_1_37' title="bbox 59 3339 1030 3416; baseline 0.003 -14"><span class='ocrx_word' id='word_1_292' title='bbox 59 3339 199 3404; x_wconf 86' lang='lat' dir='ltr'><strong>accessit.</strong></span> <span class='ocrx_word' id='word_1_293' title='bbox 222 3342 291 3401; x_wconf 91' lang='lat' dir='ltr'><strong>hinc</strong></span> <span class='ocrx_word' id='word_1_294' title='bbox 306 3351 334 3402; x_wconf 90' lang='lat' dir='ltr'><strong>te</strong></span> <span class='ocrx_word' id='word_1_295' title='bbox 349 3343 400 3401; x_wconf 92' lang='lat' dir='ltr'><strong>illo</strong></span> <span class='ocrx_word' id='word_1_296' title='bbox 416 3342 499 3402; x_wconf 89' lang='lat' dir='ltr'><strong>lurur</strong></span> <span class='ocrx_word' id='word_1_297' title='bbox 512 3341 618 3416; x_wconf 90' lang='lat' dir='ltr'><strong>rapiet,</strong></span> <span class='ocrx_word' id='word_1_298' title='bbox 634 3343 714 3402; x_wconf 89' lang='lat' dir='ltr'><strong>illinc</strong></span> <span class='ocrx_word' id='word_1_299' title='bbox 728 3343 797 3415; x_wconf 87' lang='lat' dir='ltr'><strong>alio,</strong></span> <span class='ocrx_word' id='word_1_300' title='bbox 814 3351 844 3403; x_wconf 90' lang='lat' dir='ltr'><strong>et</strong></span> <span class='ocrx_word' id='word_1_301' title='bbox 858 3344 947 3406; x_wconf 92' lang='lat' dir='ltr'><strong>novis</strong></span> <span class='ocrx_word' id='word_1_302' title='bbox 959 3345 1030 3405; x_wconf 92' lang='lat' dir='ltr'><strong>sub·</strong></span> 
     </span>
     <span class='ocr_line' id='line_1_38' title="bbox 57 3425 1029 3503; baseline 0.003 -18"><span class='ocrx_word' id='word_1_303' title='bbox 57 3427 127 3486; x_wconf 89' lang='lat' dir='ltr'><strong>inde</strong></span> <span class='ocrx_word' id='word_1_304' title='bbox 150 3425 349 3486; x_wconf 89' lang='lat' dir='ltr'><strong>inritamentis</strong></span> <span class='ocrx_word' id='word_1_305' title='bbox 376 3427 541 3488; x_wconf 90' lang='lat' dir='ltr'><strong>orientibus</strong></span> <span class='ocrx_word' id='word_1_306' title='bbox 568 3427 789 3488; x_wconf 88' lang='lat' dir='ltr'><strong>continuabitur</strong></span> <span class='ocrx_word' id='word_1_307' title='bbox 814 3429 931 3489; x_wconf 72' lang='lat' dir='ltr'><strong>rabiesz</strong></span> <span class='ocrx_word' id='word_1_308' title='bbox 963 3445 1029 3503; x_wconf 84' lang='lat' dir='ltr'><strong>age,</strong></span> 
     </span>
     <span class='ocr_line' id='line_1_39' title="bbox 57 3509 1031 3589; baseline -0.001 -19"><span class='ocrx_word' id='word_1_309' title='bbox 57 3509 179 3584; x_wconf 90' lang='lat' dir='ltr'><strong>inlelix,</strong></span> <span class='ocrx_word' id='word_1_310' title='bbox 201 3511 361 3585; x_wconf 88' lang='lat' dir='ltr'><strong>ecquando</strong></span> <span class='ocrx_word' id='word_1_311' title='bbox 385 3509 522 3570; x_wconf 74' lang='lat' dir='ltr'><strong>annabisr</strong></span> <span class='ocrx_word' id='word_1_312' title='bbox 550 3528 566 3571; x_wconf 94' lang='lat' dir='ltr'><strong>o</strong></span> <span class='ocrx_word' id='word_1_313' title='bbox 584 3527 672 3586; x_wconf 86' lang='lat' dir='ltr'><strong>quam</strong></span> <span class='ocrx_word' id='word_1_314' title='bbox 690 3511 804 3573; x_wconf 89' lang='lat' dir='ltr'><strong>bouum</strong></span> <span class='ocrx_word' id='word_1_315' title='bbox 818 3519 939 3589; x_wconf 90' lang='lat' dir='ltr'><strong>tempus</strong></span> <span class='ocrx_word' id='word_1_316' title='bbox 953 3513 983 3571; x_wconf 95' lang='lat' dir='ltr'><strong>in</strong></span> <span class='ocrx_word' id='word_1_317' title='bbox 999 3527 1031 3570; x_wconf 87' lang='lat' dir='ltr'><strong>rc</strong></span> 
     </span>
    </p>
   </div>
   <div class='ocr_carea' id='block_1_3' title="bbox 0 0 1236 3982">
    <p class='ocr_par' dir='ltr' id='par_1_5' title="bbox 0 0 1236 3982">
     <span class='ocr_line' id='line_1_40' title="bbox 0 0 1236 3982; baseline 0 0"><span class='ocrx_word' id='word_1_318' title='bbox 0 0 1236 3982; x_wconf 95' lang='lat' dir='ltr'><strong> </strong></span> 
     </span>
    </p>
   </div>
  </div>
 </body>
</html>
