2438 3968
133 224 193 295 ttle
420 238 451 298 l.
474 240 618 301 nunaut
638 242 811 303 sennenn

134 385 181 445 ull·
217 381 389 459 illuuiem,
411 391 463 467 qui
479 392 565 466 plura
580 393 648 454 loca
663 394 785 453 calcasti
802 409 894 468 quam
912 397 997 455 ullus
1011 398 1105 457 mulio

133 468 361 552 ttettultttttiuu.
386 472 627 550 Lugudunenses
647 477 725 536 scire
746 475 841 536 debes
863 471 894 536 et
908 480 1007 538 multa
1023 480 1105 541 milia

104 546 210 612 litulet
228 547 380 619 turritum
403 565 434 619 ot
455 557 637 620 Rhodanum
666 560 845 621 interesse.“
892 560 1105 624 Excandescit

131 624 190 720 het*
211 630 281 727 luen
302 634 448 705 Claudius
468 649 500 704 el
519 650 632 718 quanto
654 650 752 718 potest
773 658 931 703 murmure
952 645 1103 707 irascitur.

131 713 205 801 tltttd
227 715 343 785 utone
363 738 453 788 uetito
470 726 670 802 intellegebat
705 727 754 785 ille
775 734 877 786 autem
890 727 1016 788 Febrim
1032 731 1103 790 duci

131 793 252 865 tumul
271 800 325 867 illo
342 815 433 883 emin
451 811 570 872 solutae
589 826 695 871 manus
715 814 768 882 [et]
785 809 826 869 ad
838 809 900 871 hoc
913 829 1009 872 unum
1026 815 1100 874 satis

131 876 253 951 &lulum
271 903 334 963 utto
348 891 503 955 decedere
515 893 654 955 bomines
667 892 791 953 solebat.
827 893 968 956 Iusserat
982 897 1026 956 illi
1040 899 1100 958 col·

132 958 193 1052 ltttu
214 971 362 1043 »ΜΦ
392 983 517 1052 putares
539 993 644 1038 omnes
662 976 740 1037 illius
760 991 832 1035 esse
853 977 1000 1040 libertos=
1022 982 1099 1040 adeo

131 1044 216 1111 unu
229 1066 320 1118 uetito
334 1061 468 1120 curabat

105 1136 118 1193 l
192 1131 260 1227 {tlt
281 1136 357 1202 iiuu
369 1143 532 1204 Hercules:
552 1145 653 1218 „Audi
666 1160 729 1216 mc,
747 1143 859 1217 inquit,
880 1151 914 1204 tu
932 1145 1043 1206 desine
1058 1149 1098 1206 ia·

132 1216 217 1279 lttuu.
239 1223 351 1285 uenisti
364 1225 439 1298 buc,
454 1228 505 1287 ubi
520 1244 622 1288 mures
637 1230 746 1288 serrum
758 1226 880 1288 rodunt
916 1227 1098 1290 Citiusmihi

132 1312 253 1375 ibium,
268 1322 307 1366 ne
317 1308 371 1368 tibi
383 1311 498 1385 alogias
510 1311 658 1371 excutiam
665 1318 693 1370 !“
711 1311 748 1370 Et
759 1327 820 1384 quo
832 1311 998 1374 terribilior
1006 1322 1097 1382 essct.

132 1385 266 1461 ineditus
280 1389 315 1451 tlt
328 1398 359 1451 et
372 1393 427 1454 ait:

105 1472 123 1527 ²
218 1472 387 1550 ‚dnum
398 1493 540 1554 propere,
561 1481 630 1539 sede
642 1494 701 1552 pua
711 1478 827 1550 ambis
839 1481 932 1550 cletas,

216 1556 282 1618 Hoc
294 1577 331 1620 ne
341 1568 510 1638 peremptus
523 1565 618 1637 stipite
631 1563 674 1620 cd
686 1571 796 1620 erratu
811 1562 944 1620 occidus.

216 1640 302 1703 Hace
316 1647 401 1705 claua
414 1662 499 1719 repes
511 1663 601 1720 saepe
614 1647 752 1704 metent
759 1644 853 1716 seros.

218 1723 298 1794 Ouid
310 1743 389 1789 nunc
398 1729 524 1804 profatu
537 1733 614 1790 uoces
627 1732 736 1788 incerto
748 1723 857 1787 senus?

222 1808 304 1878 Quae
311 1816 432 1885 putria,
453 1830 529 1886 pune
540 1829 614 1886 pens
626 1813 728 1871 mobile
741 1812 845 1871 eduen
856 1809 973 1885 ceput?

217 1891 365 1955 Edissere.
400 1898 533 1970 equidem
546 1897 805 1968 repnuterpemini
812 1906 916 1968 petens

217 1975 495 2052 intentamente,
516 1980 595 2038 unde
608 1980 645 2037 ab
658 1979 800 2052 Hesperio
813 1979 894 2037 mord

217 2059 374 2121 Inachium
388 2063 431 2121 ad
442 2063 542 2122 urbem
555 2063 649 2121 nobile
663 2063 773 2120 advexi
781 2076 888 2136 pecuS,

227 2145 296 2204 Vidi
307 2146 418 2205 duobus
432 2148 575 2204 inminens
584 2148 683 2218 fluctis
696 2148 811 2218 inputa,

135 2245 157 2282 o
221 2227 306 2298 Ortod
316 2229 448 2288 Phoebus
460 2235 526 2288 ortu
539 2245 653 2302 semper
666 2229 783 2288 obtuso
796 2229 889 2299 videt,

222 2310 277 2371 ott
287 2313 451 2372 Rhodanus
465 2315 567 2386 inpens
579 2328 664 2371 amne
675 2311 861 2386 praerapido
872 2313 941 2384 fluit

218 2396 356 2470 Ararque
369 2397 520 2467 dubitans,
540 2412 596 2470 quo
609 2412 676 2455 suos
689 2412 793 2455 cursen
806 2400 878 2466 apat
885 2440 892 2464 ,

222 2478 338 2539 Tacitus
351 2482 453 2554 quictis
466 2481 561 2538 odlut't
573 2482 658 2554 repes
671 2481 764 2538 undis.
805 2499 813 2511 ·

217 2563 307 2623 Estne
320 2565 374 2622 illo
388 2566 472 2623 tellus
484 2566 606 2637 spiritus
619 2566 712 2622 altrice
726 2558 808 2621 tut'?“

106 2644 217 2709 3Haec
237 2646 311 2706 satis
332 2646 468 2706 animose
486 2654 516 2705 ct
536 2645 659 2705 sortiter.
688 2643 881 2704 nihilominus
896 2643 1006 2703 mentis
1023 2657 1097 2704 snae

135 2746 195 2790 non
211 2738 258 2789 est
272 2736 302 2788 el
315 2727 399 2789 limet
411 2729 527 2808 μωροῦ
541 2721 678 2808 πληγήν.
715 2727 857 2788 Claudius
871 2733 904 2786 ul
913 2725 990 2787 vidit
999 2726 1096 2786 virum

135 2812 299 2885 valentem,
315 2813 425 2873 oblitus
440 2827 587 2886 nugarum
600 2812 746 2872 intellexit
759 2809 907 2871 neminem
923 2825 1029 2883 parem
1040 2809 1096 2869 sibi

135 2895 250 2956 Romae
270 2895 379 2967 luisse,
404 2895 464 2955 illic
481 2911 542 2955 non
556 2895 668 2955 habere
682 2911 718 2955 se
732 2893 812 2955 idem
825 2893 952 2969 gratiaet
978 2893 1095 2954 Gallum

104 2978 165 3042 sin
180 2997 237 3040 suo
252 2978 439 3054 sterquilinio
456 2979 615 3054 plurimum
630 2993 734 3052 posse.
769 2980 875 3053 Itaque
891 2983 1037 3052 quantum
1051 2975 1095 3035 in·

135 3062 235 3140 tellegi
248 3063 359 3140 potuit,
381 3063 456 3123 haec
471 3063 555 3123 visus
569 3071 617 3124 cst
631 3063 747 3124 dicere:
772 3061 856 3136 „Ego
869 3066 913 3133 te,
931 3059 1096 3122 fortissime

136 3149 262 3210 deorum
275 3147 437 3218 Hercules,
461 3147 582 3222 speravi
597 3145 668 3206 mihi
682 3145 853 3206 adiuturum
868 3143 950 3218 apud
964 3142 1042 3204 alios
1058 3148 1094 3212 et

136 3231 163 3290 si
177 3230 229 3307 qui
242 3248 261 3290 a
274 3248 322 3291 me
336 3239 473 3292 notorem
488 3229 629 3305 petisset,
645 3237 674 3289 te
689 3230 730 3289 ini
745 3228 967 3300 nominaturus,
985 3225 1038 3300 qui
1048 3241 1096 3285 me

137 3317 248 3389 optime
262 3316 351 3377 nosti.
374 3332 443 3376 nam
456 3316 483 3375 si
497 3315 640 3373 memoria
652 3313 780 3387 repetis,
795 3328 852 3386 ego
864 3326 962 3383 eram,
979 3310 1032 3386 qui
1043 3309 1095 3369 tibi

136 3406 205 3458 ente
225 3401 367 3474 templum
383 3407 464 3460 tuum
480 3399 527 3460 ius
542 3397 679 3457 dicebam
692 3396 762 3456 totis
779 3395 886 3456 diebus
900 3409 1007 3455 mense
1019 3393 1095 3454 lulio

108 3487 167 3541 bet
179 3484 328 3557 Augusto.
363 3483 408 3542 Tu
427 3484 504 3554 scis,
527 3489 670 3557 quantum
686 3480 745 3539 illic
764 3477 951 3538 miseriorum
968 3480 1094 3556 [peruu-
