2438 3968
121 229 155 286 L.
163 227 251 287 ANN.
260 226 388 287 SENEC.
396 227 523 288 LUDUS
530 228 580 287 DE
587 226 718 287 MORTE
725 227 887 288 CLAUDII.
901 235 983 288 1-4.
1002 227 1063 291 265

103 381 209 442 tertius
230 381 299 440 idus
315 379 463 441 Octobris.
491 381 596 440 horam
610 395 670 439 non
684 396 812 455 possum
828 388 939 440 certam
953 380 1005 440 tibi
1020 380 1095 450 ‹li-3

104 482 189 525 cere:
213 463 330 525 facilius
343 464 419 524 inter
430 463 631 540 philosophos
639 478 729 537 quam
741 463 817 522 inter
828 462 985 540 horologia
993 481 1062 524 oon-

103 547 217 607 veniet:
239 555 338 607 tamen
352 548 428 607 inter
442 555 558 607 sextam
575 553 605 606 et
618 545 776 621 septimam
791 553 863 606 erut.

165 632 278 705 „Nimis
294 632 407 692 rustice
423 631 605 705 adquiescis.
629 647 708 690 neoc
722 631 818 703 [odeo]
835 644 940 689 omnes
956 637 1097 704 poetaeu

103 731 164 774 non
187 715 317 775 contenti
338 720 422 773 ortus
444 722 474 774 et
494 730 623 775 occasus
644 712 832 786 describere,
854 719 887 774 ut
900 712 988 773 etiam
1003 729 1062 772 me-

103 800 185 858 dium
198 797 277 857 diem
288 798 467 872 inquietent:
489 805 521 859 tu
532 796 1063 857 sictransibishoramtambonamt“

205 882 272 941 Iom
285 883 412 940 medium
425 898 518 941 curru
529 882 660 941 Phoebus
675 882 815 942 diviserat
826 882 923 941 orbem

207 966 246 1024 Et
253 967 378 1039 propior
391 967 470 1024 nocti
480 964 579 1037 fessus
592 965 738 1039 quatiebat
750 966 881 1025 habenas

208 1048 326 1121 obliquo
337 1051 449 1122 flexam
464 1050 610 1109 deducens
623 1052 738 1109 tramite
752 1052 861 1110 locem:

105 1132 248 1192 Claudius
259 1130 388 1190 animam
400 1147 490 1204 agere
500 1132 601 1206 coepit
611 1147 667 1190 nec
677 1131 1064 1205 invenireexitumpoterat.

165 1215 213 1273 lll.
234 1215 309 1273 rum
323 1213 505 1286 Mercurius,
526 1215 575 1289 qui
591 1231 711 1290 semper
724 1215 845 1289 iugenio
858 1216 923 1275 eius
936 1214 1064 1274 delecta·
1078 1226 1091 1275 1

104 1306 153 1358 tus
174 1305 271 1370 esset,
294 1313 385 1357 unam
406 1315 423 1357 e
443 1299 539 1358 tribus
561 1297 663 1357 Parcis
685 1299 803 1358 seducit
823 1305 853 1357 et
872 1297 927 1358 ait:
957 1296 1064 1370 „Quid

104 1382 215 1441 lomina
226 1381 449 1452 crudelissima,
468 1381 620 1441 hominem
631 1382 774 1441 miserum
787 1379 922 1456 torqueri
934 1380 1066 1455 pateris?

104 1480 162 1525 nec
172 1480 316 1538 umquam
327 1472 385 1524 tarn
398 1464 448 1523 diu
461 1466 721 1525 cruciatuseciett
738 1466 846 1525 Annus
855 1464 1065 1538 sexagesimus

105 1554 135 1609 et
151 1554 275 1622 quartus
291 1554 352 1620 est,
373 1563 487 1623 exque
503 1564 571 1607 curn
589 1549 687 1608 anima
701 1549 837 1609 luctatur.
870 1547 943 1622 quid
956 1547 1025 1606 huic
1037 1556 1066 1607 et

104 1630 288 1705 reipublicae
306 1630 444 1690 invides?
477 1631 582 1691 Patere
596 1632 823 1692 mathematicos
837 1631 1000 1706 aliquando
1014 1646 1065 1689 ve·
1081 1635 1101 1686 2
1207 1696 1210 1700 .

104 1730 170 1774 rum
186 1713 301 1789 dicere,
325 1714 376 1789 qui
393 1715 474 1773 illum
490 1731 528 1773 ex
544 1730 604 1789 quo
619 1716 763 1790 princeps
778 1717 875 1775 lactus
890 1722 952 1788 est,
971 1715 1067 1774 omni·

105 1799 161 1857 bus
176 1797 279 1872 annis,
300 1798 438 1859 omnibus
453 1797 608 1858 mensibus
623 1797 760 1859 efferunt.
782 1806 812 1858 et
827 1805 926 1858 tamen
941 1814 1001 1857 non
1020 1804 1066 1857 est

103 1883 229 1955 mirum,
254 1881 280 1941 si
300 1889 401 1941 errant
421 1888 450 1941 et
469 1881 574 1942 horam
589 1881 655 1941 eius
670 1899 758 1941 nemo
774 1883 864 1942 novit.
887 1897 975 1942 nemo
987 1881 1065 1941 enim

104 1981 247 2040 umquam
268 1965 349 2025 illurn
369 1972 471 2025 natum
486 1964 609 2039 putavit.
644 1964 704 2025 Fac
720 1966 803 2042 quod
818 1967 988 2026 laciendum
1003 1973 1064 2024 est:

209 2050 284 2109 dede
296 2052 370 2109 neci.
397 2052 499 2109 melior
513 2065 608 2109 vocuo
621 2053 684 2109 sinc
696 2057 801 2125 repetet
811 2053 843 2111 in
856 2054 956 2110 oclo.“

105 2131 167 2192 Sed
181 2132 300 2193 Clotho:
323 2133 407 2206 „Ego
422 2133 625 2207 mehercules,
640 2131 753 2208 inquit,
768 2134 908 2209 pusillum
920 2131 1102 2207 temporisa

107 2216 227 2276 adicere
245 2215 289 2274 illi
301 2216 455 2287 volebam,
480 2218 551 2276 duni
565 2215 623 2276 hos
639 2218 802 2290 pauculos,
825 2217 876 2291 qui
892 2220 1065 2290 supersunt,

106 2298 225 2358 civitate
236 2299 371 2359 donaret.
393 2299 674 2360 constitueratenim
682 2316 787 2359 omnes
797 2299 938 2372 Graecos,
953 2298 1064 2368 Gallos,

104 2380 273 2457 HispanOS,
291 2382 467 2456 Britannos,
491 2384 685 2461 [Sauromatas,
704 2394 733 2440 et
746 2389 770 2440 si
784 2388 829 2458 qui
843 2387 914 2440 ultra
930 2384 1067 2455 glacialem

103 2471 211 2523 boreus
221 2470 341 2522 incolunt
350 2471 487 2538 hubam]
502 2473 622 2541 togatos
633 2466 745 2526 videre.
774 2464 834 2525 Sed
848 2467 990 2541 quoniam
1003 2465 1066 2540 ple-

105 2556 153 2608 cet
174 2548 293 2621 aliquos
315 2548 491 2623 peregrinos
513 2549 541 2606 in
562 2564 665 2608 semen
687 2549 816 2623 relinqui
834 2556 864 2608 et
879 2548 965 2609 tulta
978 2548 1065 2608 iubes

104 2631 185 2704 fieri,
209 2630 290 2690 ilat.“
324 2631 430 2706 Aperit
450 2640 511 2691 tum
532 2632 687 2705 capsulam
709 2639 738 2692 et
757 2631 811 2693 tris
831 2634 919 2693 lusos
935 2632 1099 2706 proferne

103 2731 183 2774 unus
204 2721 269 2774 erat
281 2714 441 2789 Augurini,
462 2715 537 2774 alter
551 2715 669 2789 Babae,
688 2716 795 2776 tertius
810 2715 934 2776 claudii.
971 2715 1066 2789 „Hos,

104 2797 213 2874 inquit,
229 2795 283 2857 tris
297 2815 357 2858 uno
369 2813 448 2859 anno
462 2797 580 2873 exiguis
592 2798 755 2858 intervallis
767 2805 935 2875 temporum
947 2797 1065 2858 divisos

104 2882 179 2941 mori
194 2880 305 2940 iubebo
320 2896 376 2941 nec
391 2879 474 2940 illum
488 2881 690 2943 incomitatum
707 2882 860 2945 dimittam.
891 2883 959 2944 Non
975 2897 1065 2957 opor-

103 2971 145 3026 tet
161 2965 239 3024 enim
255 2979 338 3038 eum,
361 2964 412 3040 qui
428 2965 519 3026 modo
534 2980 569 3024 se
584 2972 629 3026 tot
644 2965 724 3025 milia
738 2965 891 3027 hominum
907 2967 1066 3044 sequentia

103 3048 240 3121 videbat,
261 3053 306 3107 tot
326 3047 551 3122 praecedentia,
575 3054 617 3110 tot
631 3049 827 3122 obcumlusa,
849 3050 949 3111 subito
966 3049 1064 3111 solum

104 3131 235 3193 destitui.
258 3138 417 3192 contentus
435 3133 490 3191 erit
503 3132 551 3191 his
565 3131 680 3192 interim
698 3132 952 3198 convictoribus“

104 3215 153 3273 lV.
186 3216 271 3277 Haec
284 3218 327 3276 oit
338 3222 367 3275 et
379 3219 461 3294 turpi
474 3218 643 3277 convolvens
654 3218 864 3290 aluminosum
1080 3229 1094 3280 l

187 3301 313 3374 abrupit
325 3300 448 3360 stolidae
462 3302 577 3373 repulsit
591 3307 721 3375 temporo
737 3303 819 3360 citae.

187 3384 227 3443 At
237 3383 377 3444 Lachesis
390 3385 528 3444 redimita
543 3399 655 3456 comos,
671 3391 778 3444 anolo
792 3387 928 3460 capillos,

186 3467 285 3527 Pierio
297 3470 407 3528 crinem
422 3472 508 3528 locro
518 3468 705 3542 frontemque
718 3483 863 3529 emenone
