<?xml version="1.0" encoding="UTF-8"?>
<!DOCTYPE html PUBLIC "-//W3C//DTD XHTML 1.0 Transitional//EN"
    "http://www.w3.org/TR/xhtml1/DTD/xhtml1-transitional.dtd">
<html xmlns="http://www.w3.org/1999/xhtml" xml:lang="en" lang="en">
 <head>
  <title>
</title>
<meta http-equiv="Content-Type" content="text/html;charset=utf-8" />
  <meta name='ocr-system' content='tesseract 3.04.00' />
  <meta name='ocr-capabilities' content='ocr_page ocr_carea ocr_par ocr_line ocrx_word'/>
</head>
<body>
  <div class='ocr_page' id='page_1' title='image "./lannaeisenecaeo05senegoog_0249.png"; bbox 0 0 2438 3968; ppageno 0'>
   <div class='ocr_carea' id='block_1_1' title="bbox 197 255 976 320">
    <p class='ocr_par' dir='ltr' id='par_1_1' title="bbox 197 255 976 320">
     <span class='ocr_line' id='line_1_1' title="bbox 197 255 976 320; baseline -0.01 0"><span class='ocrx_word' id='word_1_1' title='bbox 197 257 261 320; x_wconf 75' lang='lat'><strong>234</strong></span> <span class='ocrx_word' id='word_1_2' title='bbox 390 258 423 316; x_wconf 91' lang='lat' dir='ltr'><strong>L.</strong></span> <span class='ocrx_word' id='word_1_3' title='bbox 445 257 590 316; x_wconf 83' lang='lat' dir='ltr'>ANNAEI</span> <span class='ocrx_word' id='word_1_4' title='bbox 613 255 787 316; x_wconf 82' lang='lat' dir='ltr'>SENECAE</span> <span class='ocrx_word' id='word_1_5' title='bbox 809 255 911 315; x_wconf 77' lang='lat' dir='ltr'><strong>brat.</strong></span> <span class='ocrx_word' id='word_1_6' title='bbox 925 255 976 316; x_wconf 89' lang='lat' dir='ltr'><strong>Xl.</strong></span> 
     </span>
    </p>
   </div>
   <div class='ocr_carea' id='block_1_2' title="bbox 169 410 1188 736">
    <p class='ocr_par' dir='ltr' id='par_1_2' title="bbox 169 410 1188 736">
     <span class='ocr_line' id='line_1_2' title="bbox 199 410 1173 485; baseline 0 -15"><span class='ocrx_word' id='word_1_7' title='bbox 199 412 276 471; x_wconf 83' lang='lat' dir='ltr'><strong>llaec</strong></span> <span class='ocrx_word' id='word_1_8' title='bbox 298 411 447 470; x_wconf 86' lang='lat' dir='ltr'><strong>adversus</strong></span> <span class='ocrx_word' id='word_1_9' title='bbox 469 410 603 485; x_wconf 89' lang='lat' dir='ltr'><strong>privatas</strong></span> <span class='ocrx_word' id='word_1_10' title='bbox 625 411 734 470; x_wconf 91' lang='lat' dir='ltr'><strong>domos</strong></span> <span class='ocrx_word' id='word_1_11' title='bbox 756 410 846 469; x_wconf 90' lang='lat' dir='ltr'><strong>ullam</strong></span> <span class='ocrx_word' id='word_1_12' title='bbox 869 411 1053 484; x_wconf 79' lang='lat' dir='ltr'><strong>aequitatem</strong></span> <span class='ocrx_word' id='word_1_13' title='bbox 1076 427 1173 472; x_wconf 84' lang='lat' dir='ltr'><strong>nosse</strong></span> 
     </span>
     <span class='ocr_line' id='line_1_3' title="bbox 196 493 1188 568; baseline 0.001 -14"><span class='ocrx_word' id='word_1_14' title='bbox 196 503 252 554; x_wconf 56' lang='lat' dir='ltr'><strong>&gt;aut</strong></span> <span class='ocrx_word' id='word_1_15' title='bbox 271 496 363 554; x_wconf 91' lang='lat' dir='ltr'><strong>ullam</strong></span> <span class='ocrx_word' id='word_1_16' title='bbox 383 495 579 566; x_wconf 79' lang='lat' dir='ltr'><strong>modestiam,</strong></span> <span class='ocrx_word' id='word_1_17' title='bbox 604 494 691 553; x_wconf 90' lang='lat' dir='ltr'><strong>cuius</strong></span> <span class='ocrx_word' id='word_1_18' title='bbox 707 493 898 568; x_wconf 83' lang='lat' dir='ltr'><strong>inplacabilis</strong></span> <span class='ocrx_word' id='word_1_19' title='bbox 913 495 1043 554; x_wconf 90' lang='lat' dir='ltr'><strong>saevitia</strong></span> <span class='ocrx_word' id='word_1_20' title='bbox 1056 497 1188 555; x_wconf 50' lang='lat' dir='ltr'><strong>totiens*</strong></span> 
     </span>
     <span class='ocr_line' id='line_1_4' title="bbox 169 577 1173 654; baseline -0.001 -13"><span class='ocrx_word' id='word_1_21' title='bbox 169 591 186 641; x_wconf 80' lang='lat' dir='ltr'><strong>a</strong></span> <span class='ocrx_word' id='word_1_22' title='bbox 199 579 269 654; x_wconf 88' lang='lat' dir='ltr'><strong>ipsa</strong></span> <span class='ocrx_word' id='word_1_23' title='bbox 283 578 448 638; x_wconf 76' lang='lat' dir='ltr'><strong>funestavit</strong></span> <span class='ocrx_word' id='word_1_24' title='bbox 462 578 653 653; x_wconf 67' lang='lat' dir='ltr'><strong>pulvinaria?</strong></span> <span class='ocrx_word' id='word_1_25' title='bbox 680 579 840 638; x_wconf 82' lang='lat' dir='ltr'><strong>Faciamus</strong></span> <span class='ocrx_word' id='word_1_26' title='bbox 856 577 926 638; x_wconf 89' lang='lat' dir='ltr'><strong>licet</strong></span> <span class='ocrx_word' id='word_1_27' title='bbox 939 577 982 637; x_wconf 92' lang='lat' dir='ltr'><strong>illi</strong></span> <span class='ocrx_word' id='word_1_28' title='bbox 999 579 1173 640; x_wconf 90' lang='lat' dir='ltr'><strong>convicium</strong></span> 
     </span>
     <span class='ocr_line' id='line_1_5' title="bbox 199 661 1172 736; baseline 0 -15"><span class='ocrx_word' id='word_1_29' title='bbox 199 678 259 721; x_wconf 93' lang='lat' dir='ltr'><strong>non</strong></span> <span class='ocrx_word' id='word_1_30' title='bbox 283 669 389 722; x_wconf 91' lang='lat' dir='ltr'><strong>nostro</strong></span> <span class='ocrx_word' id='word_1_31' title='bbox 411 669 525 722; x_wconf 88' lang='lat' dir='ltr'><strong>tantum</strong></span> <span class='ocrx_word' id='word_1_32' title='bbox 544 677 613 734; x_wconf 89' lang='lat' dir='ltr'><strong>ore,</strong></span> <span class='ocrx_word' id='word_1_33' title='bbox 636 663 691 721; x_wconf 90' lang='lat' dir='ltr'><strong>sed</strong></span> <span class='ocrx_word' id='word_1_34' title='bbox 717 662 807 722; x_wconf 90' lang='lat' dir='ltr'><strong>etiam</strong></span> <span class='ocrx_word' id='word_1_35' title='bbox 826 661 965 736; x_wconf 90' lang='lat' dir='ltr'><strong>publico,</strong></span> <span class='ocrx_word' id='word_1_36' title='bbox 988 670 1172 723; x_wconf 90' lang='lat' dir='ltr'><strong>nontamen</strong></span> 
     </span>
    </p>
   </div>
   <div class='ocr_carea' id='block_1_3' title="bbox 170 745 1173 1240">
    <p class='ocr_par' dir='ltr' id='par_1_3' title="bbox 170 745 1173 1240">
     <span class='ocr_line' id='line_1_6' title="bbox 200 745 1172 821; baseline 0 -15"><span class='ocrx_word' id='word_1_37' title='bbox 200 746 370 809; x_wconf 76' lang='lat' dir='ltr'><strong>mutabitur.</strong></span> <span class='ocrx_word' id='word_1_38' title='bbox 399 745 551 806; x_wconf 88' lang='lat' dir='ltr'><strong>adversus</strong></span> <span class='ocrx_word' id='word_1_39' title='bbox 570 748 668 805; x_wconf 90' lang='lat' dir='ltr'><strong>omnis</strong></span> <span class='ocrx_word' id='word_1_40' title='bbox 683 762 718 806; x_wconf 92' lang='lat' dir='ltr'><strong>se</strong></span> <span class='ocrx_word' id='word_1_41' title='bbox 732 760 842 821; x_wconf 89' lang='lat' dir='ltr'><strong>preces</strong></span> <span class='ocrx_word' id='word_1_42' title='bbox 857 746 1021 820; x_wconf 88' lang='lat' dir='ltr'><strong>omnisque</strong></span> <span class='ocrx_word' id='word_1_43' title='bbox 1036 761 1172 806; x_wconf 91' lang='lat' dir='ltr'><strong>ceremo-</strong></span> 
     </span>
     <span class='ocr_line' id='line_1_7' title="bbox 200 829 1172 904; baseline -0.005 -15"><span class='ocrx_word' id='word_1_44' title='bbox 200 833 267 891; x_wconf 85' lang='lat' dir='ltr'><strong>nias</strong></span> <span class='ocrx_word' id='word_1_45' title='bbox 283 831 386 904; x_wconf 81' lang='lat' dir='ltr'><strong>eriget.</strong></span> <span class='ocrx_word' id='word_1_46' title='bbox 415 829 476 889; x_wconf 90' lang='lat' dir='ltr'><strong>hoo</strong></span> <span class='ocrx_word' id='word_1_47' title='bbox 490 830 545 889; x_wconf 84' lang='lat' dir='ltr'><strong>luit</strong></span> <span class='ocrx_word' id='word_1_48' title='bbox 558 831 588 888; x_wconf 91' lang='lat' dir='ltr'><strong>in</strong></span> <span class='ocrx_word' id='word_1_49' title='bbox 603 830 697 889; x_wconf 89' lang='lat' dir='ltr'><strong>rebus</strong></span> <span class='ocrx_word' id='word_1_50' title='bbox 711 829 851 890; x_wconf 89' lang='lat' dir='ltr'><strong>humanis</strong></span> <span class='ocrx_word' id='word_1_51' title='bbox 866 831 1004 902; x_wconf 77' lang='lat' dir='ltr'><strong>fortuna,</strong></span> <span class='ocrx_word' id='word_1_52' title='bbox 1023 829 1086 890; x_wconf 91' lang='lat' dir='ltr'><strong>hoc</strong></span> <span class='ocrx_word' id='word_1_53' title='bbox 1103 832 1172 890; x_wconf 83' lang='lat' dir='ltr'><strong>erit:</strong></span> 
     </span>
     <span class='ocr_line' id='line_1_8' title="bbox 201 912 1173 988; baseline -0.002 -14"><span class='ocrx_word' id='word_1_54' title='bbox 201 915 275 976; x_wconf 88' lang='lat' dir='ltr'><strong>nihil</strong></span> <span class='ocrx_word' id='word_1_55' title='bbox 293 915 434 973; x_wconf 90' lang='lat' dir='ltr'><strong>inausum</strong></span> <span class='ocrx_word' id='word_1_56' title='bbox 449 912 507 972; x_wconf 88' lang='lat' dir='ltr'><strong>sibi</strong></span> <span class='ocrx_word' id='word_1_57' title='bbox 522 914 658 988; x_wconf 85' lang='lat' dir='ltr'><strong>reliquit,</strong></span> <span class='ocrx_word' id='word_1_58' title='bbox 679 913 751 972; x_wconf 86' lang='lat' dir='ltr'><strong>nibil</strong></span> <span class='ocrx_word' id='word_1_59' title='bbox 766 915 908 973; x_wconf 90' lang='lat' dir='ltr'><strong>intactum</strong></span> <span class='ocrx_word' id='word_1_60' title='bbox 921 914 1087 987; x_wconf 87' lang='lat' dir='ltr'><strong>relinquet.</strong></span> <span class='ocrx_word' id='word_1_61' title='bbox 1121 915 1173 973; x_wconf 90' lang='lat' dir='ltr'><strong>ibit</strong></span> 
     </span>
     <span class='ocr_line' id='line_1_9' title="bbox 200 997 1172 1072; baseline 0.002 -16"><span class='ocrx_word' id='word_1_62' title='bbox 200 997 361 1057; x_wconf 90' lang='lat' dir='ltr'><strong>violentior</strong></span> <span class='ocrx_word' id='word_1_63' title='bbox 381 1013 436 1072; x_wconf 92' lang='lat' dir='ltr'><strong>per</strong></span> <span class='ocrx_word' id='word_1_64' title='bbox 457 999 570 1068; x_wconf 91' lang='lat' dir='ltr'><strong>omnia,</strong></span> <span class='ocrx_word' id='word_1_65' title='bbox 594 997 673 1056; x_wconf 89' lang='lat' dir='ltr'><strong>sicut</strong></span> <span class='ocrx_word' id='word_1_66' title='bbox 694 997 784 1056; x_wconf 88' lang='lat' dir='ltr'><strong>solita</strong></span> <span class='ocrx_word' id='word_1_67' title='bbox 803 1006 850 1057; x_wconf 92' lang='lat' dir='ltr'><strong>est</strong></span> <span class='ocrx_word' id='word_1_68' title='bbox 867 1013 1004 1071; x_wconf 88' lang='lat' dir='ltr'><strong>semper,</strong></span> <span class='ocrx_word' id='word_1_69' title='bbox 1024 1013 1080 1057; x_wconf 87' lang='lat' dir='ltr'><strong>eas</strong></span> <span class='ocrx_word' id='word_1_70' title='bbox 1098 1015 1172 1072; x_wconf 91' lang='lat' dir='ltr'><strong>quo·</strong></span> 
     </span>
     <span class='ocr_line' id='line_1_10' title="bbox 199 1080 1173 1157; baseline 0.001 -17"><span class='ocrx_word' id='word_1_71' title='bbox 199 1097 259 1156; x_wconf 90' lang='lat' dir='ltr'><strong>que</strong></span> <span class='ocrx_word' id='word_1_72' title='bbox 271 1081 380 1141; x_wconf 93' lang='lat' dir='ltr'><strong>domos</strong></span> <span class='ocrx_word' id='word_1_73' title='bbox 392 1097 468 1140; x_wconf 85' lang='lat' dir='ltr'><strong>ausa</strong></span> <span class='ocrx_word' id='word_1_74' title='bbox 479 1080 604 1140; x_wconf 90' lang='lat' dir='ltr'><strong>iniuriae</strong></span> <span class='ocrx_word' id='word_1_75' title='bbox 617 1096 711 1140; x_wconf 90' lang='lat' dir='ltr'><strong>eausa</strong></span> <span class='ocrx_word' id='word_1_76' title='bbox 721 1081 841 1152; x_wconf 90' lang='lat' dir='ltr'><strong>intrare,</strong></span> <span class='ocrx_word' id='word_1_77' title='bbox 857 1081 887 1139; x_wconf 92' lang='lat' dir='ltr'><strong>in</strong></span> <span class='ocrx_word' id='word_1_78' title='bbox 900 1097 978 1155; x_wconf 87' lang='lat' dir='ltr'><strong>quas</strong></span> <span class='ocrx_word' id='word_1_79' title='bbox 989 1097 1047 1155; x_wconf 88' lang='lat' dir='ltr'><strong>per</strong></span> <span class='ocrx_word' id='word_1_80' title='bbox 1060 1083 1173 1157; x_wconf 89' lang='lat' dir='ltr'><strong>templa</strong></span> 
     </span>
     <span class='ocr_line' id='line_1_11' title="bbox 170 1164 1172 1240; baseline 0.002 -16"><span class='ocrx_word' id='word_1_81' title='bbox 170 1166 313 1237; x_wconf 69' lang='lat' dir='ltr'><strong>caditur,</strong></span> <span class='ocrx_word' id='word_1_82' title='bbox 326 1164 1000 1225; x_wconf 83' lang='lat' dir='ltr'><strong>etatramlaureatisloribusinduerevestem=</strong></span> <span class='ocrx_word' id='word_1_83' title='bbox 1024 1165 1095 1240; x_wconf 67' lang='lat' dir='ltr'><strong>[aa]</strong></span> <span class='ocrx_word' id='word_1_84' title='bbox 1113 1165 1172 1226; x_wconf 91' lang='lat' dir='ltr'><strong>hoc</strong></span> 
     </span>
    </p>
   </div>
   <div class='ocr_carea' id='block_1_4' title="bbox 170 1248 1172 3586">
    <p class='ocr_par' dir='ltr' id='par_1_4' title="bbox 198 1248 1172 1743">
     <span class='ocr_line' id='line_1_12' title="bbox 200 1248 1172 1323; baseline -0.002 -13"><span class='ocrx_word' id='word_1_85' title='bbox 200 1265 291 1310; x_wconf 90' lang='lat' dir='ltr'><strong>unum</strong></span> <span class='ocrx_word' id='word_1_86' title='bbox 313 1249 502 1309; x_wconf 87' lang='lat' dir='ltr'><strong>obtineamus</strong></span> <span class='ocrx_word' id='word_1_87' title='bbox 523 1250 561 1308; x_wconf 89' lang='lat' dir='ltr'><strong>ab</strong></span> <span class='ocrx_word' id='word_1_88' title='bbox 582 1249 632 1308; x_wconf 89' lang='lat' dir='ltr'><strong>illa</strong></span> <span class='ocrx_word' id='word_1_89' title='bbox 655 1249 733 1309; x_wconf 90' lang='lat' dir='ltr'><strong>votis</strong></span> <span class='ocrx_word' id='word_1_90' title='bbox 754 1265 791 1307; x_wconf 89' lang='lat' dir='ltr'><strong>ac</strong></span> <span class='ocrx_word' id='word_1_91' title='bbox 811 1249 954 1323; x_wconf 89' lang='lat' dir='ltr'><strong>precibus</strong></span> <span class='ocrx_word' id='word_1_92' title='bbox 969 1248 1120 1323; x_wconf 91' lang='lat' dir='ltr'><strong>publicis,</strong></span> <span class='ocrx_word' id='word_1_93' title='bbox 1145 1251 1172 1309; x_wconf 92' lang='lat' dir='ltr'><strong>si</strong></span> 
     </span>
     <span class='ocr_line' id='line_1_13' title="bbox 200 1332 1172 1408; baseline 0.002 -16"><span class='ocrx_word' id='word_1_94' title='bbox 200 1332 335 1394; x_wconf 93' lang='lat' dir='ltr'><strong>nondum</strong></span> <span class='ocrx_word' id='word_1_95' title='bbox 355 1332 398 1392; x_wconf 92' lang='lat' dir='ltr'><strong>illi</strong></span> <span class='ocrx_word' id='word_1_96' title='bbox 418 1347 516 1406; x_wconf 90' lang='lat' dir='ltr'><strong>genus</strong></span> <span class='ocrx_word' id='word_1_97' title='bbox 537 1332 698 1392; x_wconf 88' lang='lat' dir='ltr'><strong>humanum</strong></span> <span class='ocrx_word' id='word_1_98' title='bbox 720 1333 833 1408; x_wconf 86' lang='lat' dir='ltr'><strong>placuit</strong></span> <span class='ocrx_word' id='word_1_99' title='bbox 847 1347 1044 1406; x_wconf 87' lang='lat' dir='ltr'><strong>consumere,</strong></span> <span class='ocrx_word' id='word_1_100' title='bbox 1068 1333 1096 1392; x_wconf 95' lang='lat' dir='ltr'><strong>si</strong></span> <span class='ocrx_word' id='word_1_101' title='bbox 1111 1335 1172 1394; x_wconf 90' lang='lat' dir='ltr'><strong>Ro-</strong></span> 
     </span>
     <span class='ocr_line' id='line_1_14' title="bbox 199 1415 1172 1493; baseline 0 -17"><span class='ocrx_word' id='word_1_102' title='bbox 199 1433 320 1477; x_wconf 89' lang='lat' dir='ltr'><strong>manum</strong></span> <span class='ocrx_word' id='word_1_103' title='bbox 341 1417 441 1476; x_wconf 87' lang='lat' dir='ltr'><strong>adhuc</strong></span> <span class='ocrx_word' id='word_1_104' title='bbox 461 1433 570 1476; x_wconf 92' lang='lat' dir='ltr'><strong>nomen</strong></span> <span class='ocrx_word' id='word_1_105' title='bbox 593 1417 725 1490; x_wconf 91' lang='lat' dir='ltr'><strong>propitia</strong></span> <span class='ocrx_word' id='word_1_106' title='bbox 743 1416 882 1491; x_wconf 89' lang='lat' dir='ltr'><strong>respicit,</strong></span> <span class='ocrx_word' id='word_1_107' title='bbox 903 1415 984 1476; x_wconf 89' lang='lat' dir='ltr'><strong>hunc</strong></span> <span class='ocrx_word' id='word_1_108' title='bbox 1000 1417 1172 1493; x_wconf 88' lang='lat' dir='ltr'><strong>principem</strong></span> 
     </span>
     <span class='ocr_line' id='line_1_15' title="bbox 198 1499 1171 1572; baseline 0.002 -13"><span class='ocrx_word' id='word_1_109' title='bbox 198 1503 290 1562; x_wconf 87' lang='lat' dir='ltr'><strong>lassis</strong></span> <span class='ocrx_word' id='word_1_110' title='bbox 311 1501 465 1560; x_wconf 90' lang='lat' dir='ltr'><strong>hominum</strong></span> <span class='ocrx_word' id='word_1_111' title='bbox 486 1499 579 1559; x_wconf 92' lang='lat' dir='ltr'><strong>rebus</strong></span> <span class='ocrx_word' id='word_1_112' title='bbox 594 1501 711 1572; x_wconf 89' lang='lat' dir='ltr'><strong>datum,</strong></span> <span class='ocrx_word' id='word_1_113' title='bbox 732 1501 811 1560; x_wconf 88' lang='lat' dir='ltr'><strong>sicut</strong></span> <span class='ocrx_word' id='word_1_114' title='bbox 826 1499 966 1560; x_wconf 91' lang='lat' dir='ltr'><strong>omnibus</strong></span> <span class='ocrx_word' id='word_1_115' title='bbox 980 1501 1171 1572; x_wconf 87' lang='lat' dir='ltr'><strong>mortalibus,</strong></span> 
     </span>
     <span class='ocr_line' id='line_1_16' title="bbox 198 1584 1171 1661; baseline 0.001 -17"><span class='ocrx_word' id='word_1_116' title='bbox 198 1586 255 1644; x_wconf 89' lang='lat' dir='ltr'><strong>sibi</strong></span> <span class='ocrx_word' id='word_1_117' title='bbox 273 1601 344 1645; x_wconf 92' lang='lat' dir='ltr'><strong>esse</strong></span> <span class='ocrx_word' id='word_1_118' title='bbox 360 1592 512 1645; x_wconf 90' lang='lat' dir='ltr'><strong>sacratum</strong></span> <span class='ocrx_word' id='word_1_119' title='bbox 528 1584 609 1643; x_wconf 87' lang='lat' dir='ltr'><strong>velit.</strong></span> <span class='ocrx_word' id='word_1_120' title='bbox 640 1585 738 1643; x_wconf 90' lang='lat' dir='ltr'><strong>discat</strong></span> <span class='ocrx_word' id='word_1_121' title='bbox 752 1585 790 1643; x_wconf 95' lang='lat' dir='ltr'><strong>ab</strong></span> <span class='ocrx_word' id='word_1_122' title='bbox 804 1584 855 1644; x_wconf 93' lang='lat' dir='ltr'><strong>illo</strong></span> <span class='ocrx_word' id='word_1_123' title='bbox 872 1585 1061 1643; x_wconf 89' lang='lat' dir='ltr'><strong>clementiam</strong></span> <span class='ocrx_word' id='word_1_124' title='bbox 1078 1592 1171 1661; x_wconf 88' lang='lat' dir='ltr'><strong>alque</strong></span> 
     </span>
     <span class='ocr_line' id='line_1_17' title="bbox 200 1667 847 1743; baseline -0.002 -16"><span class='ocrx_word' id='word_1_125' title='bbox 200 1670 239 1727; x_wconf 92' lang='lat' dir='ltr'><strong>sit</strong></span> <span class='ocrx_word' id='word_1_126' title='bbox 252 1669 409 1729; x_wconf 89' lang='lat' dir='ltr'><strong>mitissimo</strong></span> <span class='ocrx_word' id='word_1_127' title='bbox 427 1667 558 1728; x_wconf 88' lang='lat' dir='ltr'><strong>omnium</strong></span> <span class='ocrx_word' id='word_1_128' title='bbox 574 1669 742 1743; x_wconf 90' lang='lat' dir='ltr'><strong>principum</strong></span> <span class='ocrx_word' id='word_1_129' title='bbox 759 1668 847 1728; x_wconf 91' lang='lat' dir='ltr'><strong>mitis.</strong></span> 
     </span>
    </p>

    <p class='ocr_par' dir='ltr' id='par_1_5' title="bbox 172 1751 1172 2245">
     <span class='ocr_line' id='line_1_18' title="bbox 172 1751 1172 1827; baseline 0.003 -17"><span class='ocrx_word' id='word_1_130' title='bbox 172 1772 185 1820; x_wconf 93' lang='lat'>1</span> <span class='ocrx_word' id='word_1_131' title='bbox 260 1752 353 1810; x_wconf 91' lang='lat' dir='ltr'><strong>XVll.</strong></span> <span class='ocrx_word' id='word_1_132' title='bbox 373 1752 498 1812; x_wconf 89' lang='lat' dir='ltr'><strong>Debes</strong></span> <span class='ocrx_word' id='word_1_133' title='bbox 517 1751 887 1827; x_wconf 88' lang='lat' dir='ltr'><strong>itaqueeosintueri</strong></span> <span class='ocrx_word' id='word_1_134' title='bbox 904 1768 1049 1826; x_wconf 89' lang='lat' dir='ltr'><strong>omnes,</strong></span> <span class='ocrx_word' id='word_1_135' title='bbox 1073 1768 1172 1827; x_wconf 92' lang='lat' dir='ltr'><strong>quos</strong></span> 
     </span>
     <span class='ocr_line' id='line_1_19' title="bbox 200 1835 1171 1910; baseline 0.004 -17"><span class='ocrx_word' id='word_1_136' title='bbox 200 1837 314 1908; x_wconf 91' lang='lat' dir='ltr'><strong>paulo</strong></span> <span class='ocrx_word' id='word_1_137' title='bbox 337 1843 422 1894; x_wconf 91' lang='lat' dir='ltr'><strong>ante</strong></span> <span class='ocrx_word' id='word_1_138' title='bbox 443 1837 575 1908; x_wconf 90' lang='lat' dir='ltr'><strong>retuli,</strong></span> <span class='ocrx_word' id='word_1_139' title='bbox 604 1842 655 1896; x_wconf 88' lang='lat' dir='ltr'><strong>aut</strong></span> <span class='ocrx_word' id='word_1_140' title='bbox 674 1836 810 1896; x_wconf 88' lang='lat' dir='ltr'><strong>adscitos</strong></span> <span class='ocrx_word' id='word_1_141' title='bbox 832 1835 919 1895; x_wconf 89' lang='lat' dir='ltr'><strong>coelo</strong></span> <span class='ocrx_word' id='word_1_142' title='bbox 934 1843 987 1895; x_wconf 86' lang='lat' dir='ltr'><strong>aut</strong></span> <span class='ocrx_word' id='word_1_143' title='bbox 1001 1839 1171 1910; x_wconf 88' lang='lat' dir='ltr'><strong>proximos,</strong></span> 
     </span>
     <span class='ocr_line' id='line_1_20' title="bbox 200 1919 1171 1994; baseline 0.002 -18"><span class='ocrx_word' id='word_1_144' title='bbox 200 1926 231 1977; x_wconf 90' lang='lat' dir='ltr'><strong>et</strong></span> <span class='ocrx_word' id='word_1_145' title='bbox 245 1919 324 1977; x_wconf 82' lang='lat' dir='ltr'><strong>terre</strong></span> <span class='ocrx_word' id='word_1_146' title='bbox 337 1934 437 1994; x_wconf 89' lang='lat' dir='ltr'><strong>aequo</strong></span> <span class='ocrx_word' id='word_1_147' title='bbox 452 1920 552 1979; x_wconf 89' lang='lat' dir='ltr'><strong>animo</strong></span> <span class='ocrx_word' id='word_1_148' title='bbox 566 1921 715 1979; x_wconf 79' lang='lat' dir='ltr'><strong>fortunam</strong></span> <span class='ocrx_word' id='word_1_149' title='bbox 730 1920 769 1979; x_wconf 89' lang='lat' dir='ltr'><strong>ad</strong></span> <span class='ocrx_word' id='word_1_150' title='bbox 784 1928 813 1979; x_wconf 91' lang='lat' dir='ltr'><strong>te</strong></span> <span class='ocrx_word' id='word_1_151' title='bbox 826 1935 950 1994; x_wconf 88' lang='lat' dir='ltr'><strong>quoque</strong></span> <span class='ocrx_word' id='word_1_152' title='bbox 965 1919 1171 1993; x_wconf 79' lang='lat' dir='ltr'><strong>porrigentem</strong></span> 
     </span>
     <span class='ocr_line' id='line_1_21' title="bbox 200 2003 1170 2078; baseline 0.003 -17"><span class='ocrx_word' id='word_1_153' title='bbox 200 2018 321 2075; x_wconf 90' lang='lat' dir='ltr'><strong>manus,</strong></span> <span class='ocrx_word' id='word_1_154' title='bbox 347 2018 424 2076; x_wconf 90' lang='lat' dir='ltr'><strong>quas</strong></span> <span class='ocrx_word' id='word_1_155' title='bbox 439 2017 478 2061; x_wconf 89' lang='lat' dir='ltr'><strong>ne</strong></span> <span class='ocrx_word' id='word_1_156' title='bbox 494 2003 532 2061; x_wconf 91' lang='lat' dir='ltr'><strong>ab</strong></span> <span class='ocrx_word' id='word_1_157' title='bbox 551 2003 596 2061; x_wconf 90' lang='lat' dir='ltr'><strong>eis</strong></span> <span class='ocrx_word' id='word_1_158' title='bbox 612 2003 747 2078; x_wconf 85' lang='lat' dir='ltr'><strong>quidem,</strong></span> <span class='ocrx_word' id='word_1_159' title='bbox 764 2018 819 2078; x_wconf 92' lang='lat' dir='ltr'><strong>per</strong></span> <span class='ocrx_word' id='word_1_160' title='bbox 833 2019 911 2078; x_wconf 92' lang='lat' dir='ltr'><strong>quos</strong></span> <span class='ocrx_word' id='word_1_161' title='bbox 926 2003 1079 2077; x_wconf 91' lang='lat' dir='ltr'><strong>iuramus,</strong></span> <span class='ocrx_word' id='word_1_162' title='bbox 1102 2005 1170 2064; x_wconf 91' lang='lat' dir='ltr'><strong>abs·</strong></span> 
     </span>
     <span class='ocr_line' id='line_1_22' title="bbox 200 2086 1172 2161; baseline 0.003 -16"><span class='ocrx_word' id='word_1_163' title='bbox 200 2086 282 2145; x_wconf 92' lang='lat' dir='ltr'><strong>tinet.</strong></span> <span class='ocrx_word' id='word_1_164' title='bbox 313 2086 415 2147; x_wconf 88' lang='lat' dir='ltr'><strong>Debes</strong></span> <span class='ocrx_word' id='word_1_165' title='bbox 438 2086 556 2145; x_wconf 90' lang='lat' dir='ltr'><strong>illorum</strong></span> <span class='ocrx_word' id='word_1_166' title='bbox 577 2086 686 2146; x_wconf 87' lang='lat' dir='ltr'><strong>imitari</strong></span> <span class='ocrx_word' id='word_1_167' title='bbox 704 2087 874 2146; x_wconf 86' lang='lat' dir='ltr'><strong>firmitatem</strong></span> <span class='ocrx_word' id='word_1_168' title='bbox 888 2087 919 2145; x_wconf 94' lang='lat' dir='ltr'><strong>in</strong></span> <span class='ocrx_word' id='word_1_169' title='bbox 934 2088 1127 2161; x_wconf 83' lang='lat' dir='ltr'><strong>perferendis</strong></span> <span class='ocrx_word' id='word_1_170' title='bbox 1142 2094 1172 2148; x_wconf 91' lang='lat' dir='ltr'><strong>et</strong></span> 
     </span>
     <span class='ocr_line' id='line_1_23' title="bbox 200 2168 1171 2245; baseline 0 -15"><span class='ocrx_word' id='word_1_171' title='bbox 200 2169 377 2230; x_wconf 87' lang='lat' dir='ltr'><strong>evincendis</strong></span> <span class='ocrx_word' id='word_1_172' title='bbox 401 2168 575 2242; x_wconf 88' lang='lat' dir='ltr'><strong>doloribus,</strong></span> <span class='ocrx_word' id='word_1_173' title='bbox 597 2171 627 2229; x_wconf 92' lang='lat' dir='ltr'><strong>in</strong></span> <span class='ocrx_word' id='word_1_174' title='bbox 649 2180 794 2245; x_wconf 90' lang='lat' dir='ltr'><strong>quantum</strong></span> <span class='ocrx_word' id='word_1_175' title='bbox 816 2171 907 2230; x_wconf 93' lang='lat' dir='ltr'><strong>modo</strong></span> <span class='ocrx_word' id='word_1_176' title='bbox 930 2170 1045 2230; x_wconf 90' lang='lat' dir='ltr'><strong>homini</strong></span> <span class='ocrx_word' id='word_1_177' title='bbox 1061 2173 1111 2230; x_wconf 88' lang='lat' dir='ltr'><strong>las</strong></span> <span class='ocrx_word' id='word_1_178' title='bbox 1126 2180 1171 2230; x_wconf 93' lang='lat' dir='ltr'><strong>est</strong></span> 
     </span>
    </p>

    <p class='ocr_par' dir='ltr' id='par_1_6' title="bbox 170 2253 1171 2985">
     <span class='ocr_line' id='line_1_24' title="bbox 170 2253 1170 2330; baseline 0 -16"><span class='ocrx_word' id='word_1_179' title='bbox 170 2269 255 2330; x_wconf 75' lang='lat' dir='ltr'><strong>aper</strong></span> <span class='ocrx_word' id='word_1_180' title='bbox 270 2255 372 2314; x_wconf 89' lang='lat' dir='ltr'><strong>divina</strong></span> <span class='ocrx_word' id='word_1_181' title='bbox 387 2255 431 2314; x_wconf 87' lang='lat' dir='ltr'><strong>ire</strong></span> <span class='ocrx_word' id='word_1_182' title='bbox 446 2255 582 2327; x_wconf 88' lang='lat' dir='ltr'><strong>vestigia.</strong></span> <span class='ocrx_word' id='word_1_183' title='bbox 610 2256 748 2327; x_wconf 89' lang='lat' dir='ltr'><strong>quamvis</strong></span> <span class='ocrx_word' id='word_1_184' title='bbox 763 2256 792 2314; x_wconf 92' lang='lat' dir='ltr'><strong>ln</strong></span> <span class='ocrx_word' id='word_1_185' title='bbox 808 2253 874 2313; x_wconf 89' lang='lat' dir='ltr'><strong>aliis</strong></span> <span class='ocrx_word' id='word_1_186' title='bbox 889 2254 981 2313; x_wconf 89' lang='lat' dir='ltr'><strong>rebus</strong></span> <span class='ocrx_word' id='word_1_187' title='bbox 998 2255 1058 2313; x_wconf 90' lang='lat' dir='ltr'><strong>sint</strong></span> <span class='ocrx_word' id='word_1_188' title='bbox 1075 2254 1170 2329; x_wconf 92' lang='lat' dir='ltr'><strong>digni-</strong></span> 
     </span>
     <span class='ocr_line' id='line_1_25' title="bbox 201 2337 1169 2412; baseline -0.002 -13"><span class='ocrx_word' id='word_1_189' title='bbox 201 2340 304 2399; x_wconf 87' lang='lat' dir='ltr'><strong>tatium</strong></span> <span class='ocrx_word' id='word_1_190' title='bbox 319 2352 355 2398; x_wconf 88' lang='lat' dir='ltr'><strong>ae</strong></span> <span class='ocrx_word' id='word_1_191' title='bbox 369 2337 565 2399; x_wconf 91' lang='lat' dir='ltr'><strong>nobilitatium</strong></span> <span class='ocrx_word' id='word_1_192' title='bbox 580 2353 690 2412; x_wconf 87' lang='lat' dir='ltr'><strong>magna</strong></span> <span class='ocrx_word' id='word_1_193' title='bbox 705 2337 892 2411; x_wconf 87' lang='lat' dir='ltr'><strong>discrimina,</strong></span> <span class='ocrx_word' id='word_1_194' title='bbox 914 2337 1010 2397; x_wconf 89' lang='lat' dir='ltr'><strong>virtus</strong></span> <span class='ocrx_word' id='word_1_195' title='bbox 1025 2337 1056 2397; x_wconf 94' lang='lat' dir='ltr'><strong>in</strong></span> <span class='ocrx_word' id='word_1_196' title='bbox 1069 2340 1169 2399; x_wconf 88' lang='lat' dir='ltr'><strong>medio</strong></span> 
     </span>
     <span class='ocr_line' id='line_1_26' title="bbox 202 2421 1171 2497; baseline -0.002 -15"><span class='ocrx_word' id='word_1_197' title='bbox 202 2424 301 2497; x_wconf 89' lang='lat' dir='ltr'><strong>posite</strong></span> <span class='ocrx_word' id='word_1_198' title='bbox 315 2429 372 2481; x_wconf 89' lang='lat' dir='ltr'><strong>est.</strong></span> <span class='ocrx_word' id='word_1_199' title='bbox 395 2423 545 2481; x_wconf 89' lang='lat' dir='ltr'><strong>neminem</strong></span> <span class='ocrx_word' id='word_1_200' title='bbox 560 2423 748 2497; x_wconf 84' lang='lat' dir='ltr'><strong>dedignatur,</strong></span> <span class='ocrx_word' id='word_1_201' title='bbox 766 2423 816 2496; x_wconf 92' lang='lat' dir='ltr'><strong>qui</strong></span> <span class='ocrx_word' id='word_1_202' title='bbox 831 2423 923 2482; x_wconf 90' lang='lat' dir='ltr'><strong>modo</strong></span> <span class='ocrx_word' id='word_1_203' title='bbox 937 2421 1062 2496; x_wconf 90' lang='lat' dir='ltr'><strong>dignum</strong></span> <span class='ocrx_word' id='word_1_204' title='bbox 1074 2438 1111 2482; x_wconf 90' lang='lat' dir='ltr'><strong>se</strong></span> <span class='ocrx_word' id='word_1_205' title='bbox 1122 2422 1171 2482; x_wconf 88' lang='lat' dir='ltr'><strong>illa</strong></span> 
     </span>
     <span class='ocr_line' id='line_1_27' title="bbox 201 2506 1169 2582; baseline 0 -18"><span class='ocrx_word' id='word_1_206' title='bbox 201 2506 327 2566; x_wconf 87' lang='lat' dir='ltr'><strong>iudicat:</strong></span> <span class='ocrx_word' id='word_1_207' title='bbox 350 2507 462 2581; x_wconf 89' lang='lat' dir='ltr'><strong>optime</strong></span> <span class='ocrx_word' id='word_1_208' title='bbox 483 2514 565 2566; x_wconf 92' lang='lat' dir='ltr'><strong>certe</strong></span> <span class='ocrx_word' id='word_1_209' title='bbox 584 2507 652 2566; x_wconf 92' lang='lat' dir='ltr'><strong>illos</strong></span> <span class='ocrx_word' id='word_1_210' title='bbox 667 2506 847 2577; x_wconf 86' lang='lat' dir='ltr'><strong>imitaberis,</strong></span> <span class='ocrx_word' id='word_1_211' title='bbox 870 2506 922 2580; x_wconf 92' lang='lat' dir='ltr'><strong>qul</strong></span> <span class='ocrx_word' id='word_1_212' title='bbox 937 2522 1005 2566; x_wconf 92' lang='lat' dir='ltr'><strong>cum</strong></span> <span class='ocrx_word' id='word_1_213' title='bbox 1020 2506 1169 2582; x_wconf 87' lang='lat' dir='ltr'><strong>indignari</strong></span> 
     </span>
     <span class='ocr_line' id='line_1_28' title="bbox 202 2588 1169 2665; baseline -0.003 -15"><span class='ocrx_word' id='word_1_214' title='bbox 202 2598 331 2665; x_wconf 88' lang='lat' dir='ltr'><strong>possent</strong></span> <span class='ocrx_word' id='word_1_215' title='bbox 345 2607 405 2651; x_wconf 93' lang='lat' dir='ltr'><strong>non</strong></span> <span class='ocrx_word' id='word_1_216' title='bbox 421 2605 493 2650; x_wconf 90' lang='lat' dir='ltr'><strong>esse</strong></span> <span class='ocrx_word' id='word_1_217' title='bbox 504 2588 590 2664; x_wconf 88' lang='lat' dir='ltr'><strong>ipsos</strong></span> <span class='ocrx_word' id='word_1_218' title='bbox 603 2597 743 2650; x_wconf 86' lang='lat' dir='ltr'><strong>exsortes</strong></span> <span class='ocrx_word' id='word_1_219' title='bbox 754 2589 845 2649; x_wconf 91' lang='lat' dir='ltr'><strong>huius</strong></span> <span class='ocrx_word' id='word_1_220' title='bbox 857 2591 940 2663; x_wconf 91' lang='lat' dir='ltr'><strong>mali,</strong></span> <span class='ocrx_word' id='word_1_221' title='bbox 956 2597 1057 2649; x_wconf 87' lang='lat' dir='ltr'><strong>tamen</strong></span> <span class='ocrx_word' id='word_1_222' title='bbox 1069 2588 1101 2649; x_wconf 92' lang='lat' dir='ltr'><strong>in</strong></span> <span class='ocrx_word' id='word_1_223' title='bbox 1112 2590 1169 2649; x_wconf 91' lang='lat' dir='ltr'><strong>boc</strong></span> 
     </span>
     <span class='ocr_line' id='line_1_29' title="bbox 201 2673 1169 2749; baseline -0.003 -15"><span class='ocrx_word' id='word_1_224' title='bbox 201 2690 261 2734; x_wconf 92' lang='lat' dir='ltr'><strong>uno</strong></span> <span class='ocrx_word' id='word_1_225' title='bbox 282 2690 317 2733; x_wconf 92' lang='lat' dir='ltr'><strong>se</strong></span> <span class='ocrx_word' id='word_1_226' title='bbox 338 2675 446 2734; x_wconf 88' lang='lat' dir='ltr'><strong>ceteris</strong></span> <span class='ocrx_word' id='word_1_227' title='bbox 467 2675 631 2749; x_wconf 87' lang='lat' dir='ltr'><strong>exaequari</strong></span> <span class='ocrx_word' id='word_1_228' title='bbox 653 2673 840 2744; x_wconf 90' lang='lat' dir='ltr'><strong>hominibus,</strong></span> <span class='ocrx_word' id='word_1_229' title='bbox 861 2688 921 2732; x_wconf 92' lang='lat' dir='ltr'><strong>non</strong></span> <span class='ocrx_word' id='word_1_230' title='bbox 938 2673 1094 2748; x_wconf 88' lang='lat' dir='ltr'><strong>iniuriam,</strong></span> <span class='ocrx_word' id='word_1_231' title='bbox 1115 2673 1169 2734; x_wconf 90' lang='lat' dir='ltr'><strong>sed</strong></span> 
     </span>
     <span class='ocr_line' id='line_1_30' title="bbox 201 2756 1170 2830; baseline 0 -15"><span class='ocrx_word' id='word_1_232' title='bbox 201 2759 248 2816; x_wconf 90' lang='lat' dir='ltr'><strong>ius</strong></span> <span class='ocrx_word' id='word_1_233' title='bbox 263 2759 450 2817; x_wconf 86' lang='lat' dir='ltr'><strong>mortalitatis</strong></span> <span class='ocrx_word' id='word_1_234' title='bbox 465 2756 675 2816; x_wconf 89' lang='lat' dir='ltr'><strong>iudicaverunt</strong></span> <span class='ocrx_word' id='word_1_235' title='bbox 684 2758 878 2830; x_wconf 74' lang='lat' dir='ltr'><strong>tuleruntque</strong></span> <span class='ocrx_word' id='word_1_236' title='bbox 889 2773 946 2816; x_wconf 91' lang='lat' dir='ltr'><strong>nec</strong></span> <span class='ocrx_word' id='word_1_237' title='bbox 958 2757 1047 2817; x_wconf 90' lang='lat' dir='ltr'><strong>nimis</strong></span> <span class='ocrx_word' id='word_1_238' title='bbox 1059 2757 1170 2816; x_wconf 89' lang='lat' dir='ltr'><strong>acerbe</strong></span> 
     </span>
     <span class='ocr_line' id='line_1_31' title="bbox 201 2840 1169 2916; baseline -0.004 -16"><span class='ocrx_word' id='word_1_239' title='bbox 201 2849 231 2900; x_wconf 92' lang='lat' dir='ltr'><strong>et</strong></span> <span class='ocrx_word' id='word_1_240' title='bbox 252 2856 376 2915; x_wconf 87' lang='lat' dir='ltr'><strong>aspere,</strong></span> <span class='ocrx_word' id='word_1_241' title='bbox 410 2841 491 2916; x_wconf 87' lang='lat' dir='ltr'><strong>quod</strong></span> <span class='ocrx_word' id='word_1_242' title='bbox 512 2841 680 2912; x_wconf 87' lang='lat' dir='ltr'><strong>acciderat,</strong></span> <span class='ocrx_word' id='word_1_243' title='bbox 712 2855 769 2899; x_wconf 92' lang='lat' dir='ltr'><strong>nec</strong></span> <span class='ocrx_word' id='word_1_244' title='bbox 788 2841 916 2900; x_wconf 90' lang='lat' dir='ltr'><strong>molliter</strong></span> <span class='ocrx_word' id='word_1_245' title='bbox 935 2849 964 2901; x_wconf 90' lang='lat' dir='ltr'><strong>et</strong></span> <span class='ocrx_word' id='word_1_246' title='bbox 986 2840 1169 2899; x_wconf 88' lang='lat' dir='ltr'><strong>effeminate.</strong></span> 
     </span>
     <span class='ocr_line' id='line_1_32' title="bbox 201 2923 1169 2985; baseline -0.001 -1"><span class='ocrx_word' id='word_1_247' title='bbox 201 2941 271 2984; x_wconf 91' lang='lat' dir='ltr'><strong>narn</strong></span> <span class='ocrx_word' id='word_1_248' title='bbox 286 2931 316 2985; x_wconf 89' lang='lat' dir='ltr'><strong>et</strong></span> <span class='ocrx_word' id='word_1_249' title='bbox 330 2941 390 2984; x_wconf 94' lang='lat' dir='ltr'><strong>non</strong></span> <span class='ocrx_word' id='word_1_250' title='bbox 406 2924 517 2984; x_wconf 89' lang='lat' dir='ltr'><strong>sentire</strong></span> <span class='ocrx_word' id='word_1_251' title='bbox 531 2923 611 2982; x_wconf 90' lang='lat' dir='ltr'><strong>mala</strong></span> <span class='ocrx_word' id='word_1_252' title='bbox 625 2940 683 2984; x_wconf 89' lang='lat' dir='ltr'><strong>sua</strong></span> <span class='ocrx_word' id='word_1_253' title='bbox 696 2940 757 2983; x_wconf 93' lang='lat' dir='ltr'><strong>non</strong></span> <span class='ocrx_word' id='word_1_254' title='bbox 771 2930 819 2982; x_wconf 92' lang='lat' dir='ltr'><strong>est</strong></span> <span class='ocrx_word' id='word_1_255' title='bbox 832 2924 961 2984; x_wconf 90' lang='lat' dir='ltr'><strong>hominis</strong></span> <span class='ocrx_word' id='word_1_256' title='bbox 973 2930 1003 2982; x_wconf 91' lang='lat' dir='ltr'><strong>et</strong></span> <span class='ocrx_word' id='word_1_257' title='bbox 1014 2940 1077 2984; x_wconf 94' lang='lat' dir='ltr'><strong>non</strong></span> <span class='ocrx_word' id='word_1_258' title='bbox 1091 2926 1169 2983; x_wconf 88' lang='lat' dir='ltr'><strong>ierrc</strong></span> 
     </span>
    </p>

    <p class='ocr_par' dir='ltr' id='par_1_7' title="bbox 171 3008 1172 3586">
     <span class='ocr_line' id='line_1_33' title="bbox 171 3008 1170 3081; baseline -0.004 -11"><span class='ocrx_word' id='word_1_259' title='bbox 171 3017 260 3070; x_wconf 70' lang='lat' dir='ltr'><strong>onon</strong></span> <span class='ocrx_word' id='word_1_260' title='bbox 278 3016 325 3068; x_wconf 91' lang='lat' dir='ltr'><strong>est</strong></span> <span class='ocrx_word' id='word_1_261' title='bbox 342 3008 405 3068; x_wconf 91' lang='lat' dir='ltr'><strong>viri.</strong></span> <span class='ocrx_word' id='word_1_262' title='bbox 440 3008 506 3067; x_wconf 86' lang='lat' dir='ltr'><strong>Non</strong></span> <span class='ocrx_word' id='word_1_263' title='bbox 523 3023 649 3081; x_wconf 93' lang='lat' dir='ltr'><strong>possum</strong></span> <span class='ocrx_word' id='word_1_264' title='bbox 665 3016 779 3081; x_wconf 90' lang='lat' dir='ltr'><strong>tamen,</strong></span> <span class='ocrx_word' id='word_1_265' title='bbox 796 3023 864 3066; x_wconf 90' lang='lat' dir='ltr'><strong>cum</strong></span> <span class='ocrx_word' id='word_1_266' title='bbox 878 3023 984 3068; x_wconf 87' lang='lat' dir='ltr'><strong>omnes</strong></span> <span class='ocrx_word' id='word_1_267' title='bbox 999 3008 1170 3068; x_wconf 88' lang='lat' dir='ltr'><strong>circuierim</strong></span> 
     </span>
     <span class='ocr_line' id='line_1_34' title="bbox 202 3091 1170 3168; baseline -0.001 -16"><span class='ocrx_word' id='word_1_268' title='bbox 202 3093 364 3165; x_wconf 86' lang='lat' dir='ltr'><strong>Caesares,</strong></span> <span class='ocrx_word' id='word_1_269' title='bbox 382 3092 493 3168; x_wconf 91' lang='lat' dir='ltr'><strong>quibus</strong></span> <span class='ocrx_word' id='word_1_270' title='bbox 505 3093 626 3150; x_wconf 82' lang='lat' dir='ltr'><strong>fortuna</strong></span> <span class='ocrx_word' id='word_1_271' title='bbox 637 3092 744 3151; x_wconf 89' lang='lat' dir='ltr'><strong>iratres</strong></span> <span class='ocrx_word' id='word_1_272' title='bbox 756 3107 942 3166; x_wconf 90' lang='lat' dir='ltr'><strong>sororesque</strong></span> <span class='ocrx_word' id='word_1_273' title='bbox 953 3091 1073 3166; x_wconf 87' lang='lat' dir='ltr'><strong>eripuit,</strong></span> <span class='ocrx_word' id='word_1_274' title='bbox 1090 3092 1170 3151; x_wconf 89' lang='lat' dir='ltr'><strong>hunc</strong></span> 
     </span>
     <span class='ocr_line' id='line_1_35' title="bbox 202 3174 1170 3250; baseline -0.001 -16"><span class='ocrx_word' id='word_1_275' title='bbox 202 3177 366 3249; x_wconf 88' lang='lat' dir='ltr'><strong>praeterire</strong></span> <span class='ocrx_word' id='word_1_276' title='bbox 378 3191 417 3235; x_wconf 90' lang='lat' dir='ltr'><strong>ex</strong></span> <span class='ocrx_word' id='word_1_277' title='bbox 428 3174 509 3235; x_wconf 91' lang='lat' dir='ltr'><strong>omni</strong></span> <span class='ocrx_word' id='word_1_278' title='bbox 516 3174 679 3235; x_wconf 81' lang='lat' dir='ltr'><strong>Caesarum</strong></span> <span class='ocrx_word' id='word_1_279' title='bbox 691 3191 816 3234; x_wconf 89' lang='lat' dir='ltr'><strong>numero</strong></span> <span class='ocrx_word' id='word_1_280' title='bbox 829 3175 1065 3250; x_wconf 86' lang='lat' dir='ltr'><strong>excerpendum,</strong></span> <span class='ocrx_word' id='word_1_281' title='bbox 1080 3191 1170 3250; x_wconf 91' lang='lat' dir='ltr'><strong>quern</strong></span> 
     </span>
     <span class='ocr_line' id='line_1_36' title="bbox 202 3258 1171 3334; baseline 0.001 -17"><span class='ocrx_word' id='word_1_282' title='bbox 202 3277 301 3318; x_wconf 90' lang='lat' dir='ltr'><strong>rerum</strong></span> <span class='ocrx_word' id='word_1_283' title='bbox 322 3268 429 3320; x_wconf 88' lang='lat' dir='ltr'><strong>natura</strong></span> <span class='ocrx_word' id='word_1_284' title='bbox 448 3259 478 3318; x_wconf 93' lang='lat' dir='ltr'><strong>in</strong></span> <span class='ocrx_word' id='word_1_285' title='bbox 494 3258 616 3318; x_wconf 90' lang='lat' dir='ltr'><strong>exitium</strong></span> <span class='ocrx_word' id='word_1_286' title='bbox 632 3259 893 3334; x_wconf 87' lang='lat' dir='ltr'><strong>opprobriumque</strong></span> <span class='ocrx_word' id='word_1_287' title='bbox 907 3259 1029 3318; x_wconf 87' lang='lat' dir='ltr'><strong>humani</strong></span> <span class='ocrx_word' id='word_1_288' title='bbox 1047 3259 1171 3333; x_wconf 87' lang='lat' dir='ltr'><strong>generis</strong></span> 
     </span>
     <span class='ocr_line' id='line_1_37' title="bbox 202 3343 1171 3418; baseline 0.001 -18"><span class='ocrx_word' id='word_1_289' title='bbox 202 3343 309 3416; x_wconf 90' lang='lat' dir='ltr'><strong>edidit,</strong></span> <span class='ocrx_word' id='word_1_290' title='bbox 334 3360 352 3402; x_wconf 90' lang='lat' dir='ltr'><strong>a</strong></span> <span class='ocrx_word' id='word_1_291' title='bbox 367 3360 428 3418; x_wconf 91' lang='lat' dir='ltr'><strong>quo</strong></span> <span class='ocrx_word' id='word_1_292' title='bbox 444 3343 600 3418; x_wconf 91' lang='lat' dir='ltr'><strong>imperium</strong></span> <span class='ocrx_word' id='word_1_293' title='bbox 616 3359 757 3403; x_wconf 91' lang='lat' dir='ltr'><strong>eversum</strong></span> <span class='ocrx_word' id='word_1_294' title='bbox 772 3349 863 3418; x_wconf 89' lang='lat' dir='ltr'><strong>atque</strong></span> <span class='ocrx_word' id='word_1_295' title='bbox 876 3343 1018 3404; x_wconf 90' lang='lat' dir='ltr'><strong>adustum</strong></span> <span class='ocrx_word' id='word_1_296' title='bbox 1033 3343 1171 3404; x_wconf 76' lang='lat' dir='ltr'><strong>funditus</strong></span> 
     </span>
     <span class='ocr_line' id='line_1_38' title="bbox 172 3425 1172 3502; baseline 0.003 -19"><span class='ocrx_word' id='word_1_297' title='bbox 172 3425 347 3502; x_wconf 76' lang='lat' dir='ltr'><strong>qprincipis</strong></span> <span class='ocrx_word' id='word_1_298' title='bbox 367 3427 516 3487; x_wconf 89' lang='lat' dir='ltr'><strong>mitissimi</strong></span> <span class='ocrx_word' id='word_1_299' title='bbox 536 3434 653 3485; x_wconf 86' lang='lat' dir='ltr'><strong>recreat</strong></span> <span class='ocrx_word' id='word_1_300' title='bbox 673 3425 839 3486; x_wconf 88' lang='lat' dir='ltr'><strong>clementia.</strong></span> <span class='ocrx_word' id='word_1_301' title='bbox 876 3426 906 3486; x_wconf 85' lang='lat' dir='ltr'><strong>C.</strong></span> <span class='ocrx_word' id='word_1_302' title='bbox 923 3427 1037 3487; x_wconf 87' lang='lat' dir='ltr'><strong>Caesar</strong></span> <span class='ocrx_word' id='word_1_303' title='bbox 1054 3426 1172 3486; x_wconf 86' lang='lat' dir='ltr'><strong>amissa</strong></span> 
     </span>
     <span class='ocr_line' id='line_1_39' title="bbox 202 3510 1171 3586; baseline 0.001 -18"><span class='ocrx_word' id='word_1_304' title='bbox 202 3524 308 3569; x_wconf 86' lang='lat' dir='ltr'><strong>sorore</strong></span> <span class='ocrx_word' id='word_1_305' title='bbox 332 3510 478 3584; x_wconf 88' lang='lat' dir='ltr'><strong>Drusilla,</strong></span> <span class='ocrx_word' id='word_1_306' title='bbox 508 3510 534 3568; x_wconf 93' lang='lat' dir='ltr'><strong>is</strong></span> <span class='ocrx_word' id='word_1_307' title='bbox 555 3510 661 3583; x_wconf 91' lang='lat' dir='ltr'><strong>horno,</strong></span> <span class='ocrx_word' id='word_1_308' title='bbox 688 3511 820 3584; x_wconf 90' lang='lat' dir='ltr'><strong>quinon</strong></span> <span class='ocrx_word' id='word_1_309' title='bbox 841 3511 937 3585; x_wconf 87' lang='lat' dir='ltr'><strong>magis</strong></span> <span class='ocrx_word' id='word_1_310' title='bbox 958 3511 1064 3569; x_wconf 89' lang='lat' dir='ltr'><strong>dolere</strong></span> <span class='ocrx_word' id='word_1_311' title='bbox 1079 3526 1171 3586; x_wconf 84' lang='lat' dir='ltr'><strong>quam</strong></span> 
     </span>
    </p>
   </div>
   <div class='ocr_carea' id='block_1_5' title="bbox 0 0 1224 3968">
    <p class='ocr_par' dir='ltr' id='par_1_8' title="bbox 0 0 1224 3968">
     <span class='ocr_line' id='line_1_40' title="bbox 0 0 1224 3968; baseline 0 0"><span class='ocrx_word' id='word_1_312' title='bbox 0 0 1224 3968; x_wconf 95' lang='lat' dir='ltr'><strong> </strong></span> 
     </span>
    </p>
   </div>
  </div>
 </body>
</html>
