2438 3968
192 267 254 331 242
370 269 404 328 L.
426 269 572 328 ANNAEl
591 269 765 330 SENECAE
786 270 887 330 DIAL.
902 271 965 329 Xll.

193 423 328 484 titudinis
343 422 443 483 habet.
472 421 568 482 transi
585 423 623 482 ab
641 421 695 495 iis,
721 438 848 496 quarum
866 437 994 482 amoena
1009 422 1124 497 positio
1140 430 1170 484 et

194 507 405 583 opportunitas
440 507 575 581 regionis
609 507 712 580 plures
746 505 857 565 adlicit.
897 506 1020 565 deserta
1043 508 1114 567 loca
1140 513 1170 568 et

193 590 379 666 asperrimas
400 590 533 664 insulas,
556 588 711 649 Sciathum
734 597 764 649 et
785 588 961 664 Seriphum,
983 588 1123 667 Gyarum
1139 599 1169 651 et

195 675 349 736 Corsicam
367 689 530 748 percense:
547 673 661 732 nullum
674 672 813 733 invenies
828 672 960 745 exilium,
976 672 1005 731 in
1023 690 1085 748 quo
1103 691 1167 734 non

162 757 303 834 taliquis
330 756 421 818 animi
446 772 540 817 causa
560 762 703 817 moretur.
736 757 811 831 Quid
834 763 892 816 tam
907 758 1021 817 nudum
1036 757 1168 818 inveniri

193 850 308 920 potest,
335 842 408 918 qnid
433 848 494 900 tarn
513 840 671 914 abruptum
690 840 828 915 undique
849 856 940 916 quarn
960 840 1020 902 hoc
1035 849 1169 902 saxumt

196 927 270 1002 quid
285 925 325 985 ad
341 925 446 999 copias
461 923 637 999 respicienti
649 924 802 984 ieiuniust
823 925 895 998 quid
910 924 950 984 ad
964 923 1108 984 homines
1124 926 1168 986 in·

195 1009 405 1070 mansuetius?
437 1007 511 1082 quid
532 1009 571 1068 ad
590 1008 691 1083 ipsum
704 1009 763 1068 loci
779 1007 870 1068 situm
882 1007 1058 1068 horridius?
1094 1010 1167 1084 quid

195 1094 235 1154 ud
252 1093 329 1154 coeli
344 1101 482 1153 naturam
496 1092 766 1168 intemperantius?
780 1093 882 1167 plures
895 1099 994 1152 tamen
1010 1091 1060 1152 hic
1078 1109 1167 1167 pere-

195 1178 272 1253 grini
294 1193 384 1250 quarn
405 1177 488 1237 cives
509 1176 688 1236 consistunt.
717 1176 825 1251 Usque
840 1190 876 1234 eo
891 1179 1167 1250 ergo'conmutatio

79 1300 83 1312 ·
194 1261 264 1337 ipsa
283 1261 422 1321 locorum
442 1260 544 1334 gravis
565 1267 702 1333 nonest,
723 1268 757 1319 ut
768 1259 818 1319 hic
835 1274 959 1336 quoque
973 1259 1061 1320 locus
1078 1277 1098 1320 a
1113 1277 1166 1336 pa-

166 1347 251 1406 6tria
267 1345 417 1420 quosdam
432 1343 601 1403 abduxerit.
631 1343 756 1405 Invenio
775 1344 827 1418 qui
841 1343 944 1403 dicant
957 1344 1062 1404 inesse
1078 1352 1166 1404 natu-

193 1430 288 1489 ralem
306 1429 468 1504 quamdam
482 1426 684 1487 imitationem
698 1425 805 1487 animis
821 1428 1015 1488 conmutandi
1030 1429 1125 1489 sedes
1137 1435 1168 1489 et

193 1512 397 1574 transferendi
421 1510 583 1572 domicilia.
614 1511 734 1573 mobilis
754 1511 833 1572 enim
854 1519 883 1571 ct
897 1508 1034 1586 inquieta
1048 1511 1165 1572 homini

193 1613 281 1658 mens
302 1597 373 1657 data
394 1601 454 1656 est:
481 1611 646 1671 numquam
669 1611 703 1655 se
716 1602 812 1669 tenet,
838 1596 990 1671 spargitur
1004 1602 1036 1655 et
1049 1596 1167 1670 cogita·

193 1680 292 1741 tiones
315 1672 388 1740 s'uas
408 1680 439 1738 in
461 1679 561 1740 omnia
574 1687 647 1739 nota
660 1685 751 1753 atque
765 1679 867 1754 ignota
891 1678 1024 1753 dimittit,
1040 1696 1123 1755 vaga
1137 1687 1167 1739 et

167 1775 183 1830 7
196 1763 306 1838 quietis
320 1763 348 1821 in
352 1762 471 1838 patiens
486 1769 515 1822 et
530 1764 663 1823 novitate
677 1778 776 1822 rerum
792 1763 966 1824 laetissima.
1001 1764 1088 1838 quod
1103 1780 1164 1823 non

195 1846 367 1918 miraberis,
389 1844 416 1905 si
437 1846 563 1921 primam
577 1847 642 1907 eius
658 1843 802 1921 originem
817 1847 1014 1922 adspexeris=
1039 1863 1104 1907 non
1119 1854 1166 1908 est

196 1946 235 1988 ex
249 1935 368 1988 terreno
383 1935 412 1987 et
426 1929 510 2003 gravi
525 1938 668 1990 concreta
682 1945 821 2004 corpore.
844 1947 883 1990 ex
898 1931 948 1990 illo
961 1931 1090 1991 coelesti
1104 1932 1164 2006 spi-

195 2011 255 2073 ritu
269 2012 436 2072 descendit.
470 2012 647 2073 coelestium
662 2020 761 2073 autem
776 2019 880 2074 natura
895 2028 1018 2088 semper
1033 2013 1064 2072 in
1080 2021 1164 2075 motu

196 2103 257 2168 est,
284 2096 359 2170 lugit
384 2102 415 2156 et
437 2097 632 2158 velocissimo
653 2114 744 2158 cursu
764 2098 869 2172 agitur.
899 2098 1038 2173 Adspice
1060 2097 1164 2158 sidera

195 2179 340 2241 mundum
366 2178 569 2239 inlustranda:
597 2183 708 2241 nullum
733 2196 839 2241 eorum
864 2188 989 2257 perstat.
1026 2180 1165 2254 „labitur

196 2264 349 2325 adsidue“
369 2269 398 2322 et
418 2265 517 2324 locum
539 2280 578 2324 ex
597 2265 666 2325 loco
681 2272 775 2326 mutat
788 2273 831 2338 ct,
856 2265 995 2341 quamvis
1012 2281 1083 2324 cum
1099 2267 1162 2326 uni·

195 2364 287 2408 verso
302 2353 450 2420 vertatur,
467 2348 496 2406 in
512 2347 694 2408 contrarium
710 2347 903 2409 nihilominus
914 2349 973 2424 ipsi
986 2348 1162 2431 mundare-

196 2433 303 2503 lertur,
332 2447 386 2507 per
407 2431 504 2492 omnis
526 2431 680 2506 signorum
701 2438 803 2508 partes
818 2431 972 2506 discurrit,
996 2449 1163 2508 numquam

195 2514 318 2576 resistit.
342 2522 490 2590 perpetua
504 2513 570 2576 eius
582 2515 705 2590 agitatio
717 2521 746 2574 et
757 2514 878 2577 aliunde
889 2515 948 2576 alio
961 2516 1162 2592 conmigratio

167 2606 253 2663 sest.
287 2597 392 2659 Omnia
411 2599 573 2658 volvuntur
587 2614 708 2674 semper
722 2606 752 2659 et
764 2597 795 2658 in
809 2598 936 2659 transitu
951 2608 1029 2660 sunt.
1063 2606 1098 2659 ut
1113 2602 1163 2660 lex

197 2688 228 2741 et
246 2690 372 2742 naturae
393 2680 562 2743 necessitas
577 2683 740 2757 ordinavit,
764 2683 885 2744 aliunde
899 2683 959 2744 alio
973 2684 1160 2744 deferuntur.

197 2781 266 2825 cum
291 2780 346 2839 per
369 2772 452 2825 certa
478 2781 623 2826 annorum
644 2766 742 2841 spatia
756 2766 846 2826 orbes
861 2783 935 2827 suos
950 2765 1160 2842 explicuerint,

197 2846 305 2909 iterum
318 2846 404 2908 ibunt
419 2864 474 2923 per
489 2864 568 2924 quae
582 2857 742 2910 venerant=
756 2848 766 2908 i
781 2865 860 2910 nunc
875 2857 904 2910 et
918 2850 1082 2910 humanum
1098 2852 1162 2912 ani-

198 2947 279 2991 mum
294 2946 332 2990 ex
350 2929 463 3005 isdem,
485 2932 596 3007 quibus
612 2932 714 2993 divina
728 2939 882 3007 constant,
904 2933 1072 2996 seminibus
1088 2951 1160 2996 con·

197 3014 330 3092 positum
354 3017 482 3076 moleste
505 3016 584 3075 lerre
608 3017 765 3077 transitum
786 3031 822 3075 ac
841 3016 1049 3091 migrationem
1072 3026 1161 3093 puta,

198 3115 266 3159 curn
291 3098 340 3160 dei
359 3105 467 3159 natura
487 3099 616 3159 adsidua
637 3107 667 3160 et
683 3098 857 3160 citatissima
872 3100 1098 3161 conmutatione
1111 3103 1161 3161 vel

198 3181 327 3244 delectet
338 3199 374 3244 se
392 3184 440 3242 vel
455 3190 624 3244 conservet.
1046 3233 1048 3235 .

172 3273 186 3324 1
258 3267 324 3326 vll.
354 3268 383 3327 Α
405 3267 589 3328 coelestibus
612 3268 741 3343 agedum
756 3273 786 3326 te
799 3265 839 3326 ad
852 3265 983 3326 humana
998 3273 1161 3327 converte=

181 3347 314 3426 ⁸videbis
332 3358 452 3424 gentes
479 3354 674 3426 populosque
697 3350 857 3411 universos
882 3355 1017 3410 mutasse
1041 3351 1160 3412 sedem.

198 3430 270 3506 quid
294 3433 352 3492 sibi
373 3433 478 3495 volunt
497 3434 528 3495 in
543 3434 651 3494 madiis
666 3435 862 3494 barbarorum
876 3433 1051 3508 regionibus
1068 3434 1158 3494 Grae

197 3529 252 3576 coe
264 3514 379 3575 urbest
401 3515 475 3592 quid
489 3517 566 3577 inter
578 3518 671 3578 Indos
682 3518 854 3593 Persasque
864 3515 1083 3578 Macedonicus
1095 3533 1159 3577 ser,-
