2438 3968
170 243 365 305 AcetuAttT
388 245 470 306 CUM
491 245 753 306 Pnuvtonttuta
775 245 842 307 SIT.
876 248 927 307 lV.
1000 247 1037 311 il

60 413 118 458 sua
137 397 247 472 portio.
277 396 417 472 quisquis
432 396 553 457 videtur
574 397 720 458 dimissus
741 411 827 469 esse,
851 399 962 459 dilatus
982 409 1039 461 est.

60 480 161 555 Quare
180 480 257 540 deus
284 480 430 556 optimum
453 496 609 556 quemque
628 487 681 540 aut
700 482 782 541 mala
801 482 968 543 valitudine
988 492 1069 550 autu

58 565 145 625 luctu
157 570 210 624 aut
223 563 291 624 aliis
306 564 509 625 incommodis
521 562 645 625 adiicit?
665 565 738 639 quia
750 565 781 625 in
793 567 901 627 castris
916 583 1040 642 quoque

59 647 237 723 periculosa
251 647 425 709 fortissimis
445 648 645 724 imperantur,
666 648 733 709 dux
750 650 932 712 lectissimos
952 650 1041 713 mittit

60 731 112 806 qui
132 730 288 792 nocturnis
309 731 416 793 hostes
437 732 654 807 adgrediamur
673 732 792 793 insidiis
813 740 866 792 aut
880 735 1040 809 explorent

57 814 116 876 iter
128 823 182 876 aut
193 815 379 890 praesidium
393 816 461 876 loco
478 816 617 875 deiciant.
640 833 732 877 nemo
743 832 849 877 eorum
861 815 914 892 qui
928 825 1041 878 exeunt

58 898 147 959 dicta
167 900 248 959 male
263 900 302 959 de
316 915 365 959 me
379 899 545 974 imperator
558 900 682 974 meruit,
698 901 769 960 sed:
791 901 869 961 bene
884 900 1038 963 iudicavit.

56 1064 186 1126 flebilius
202 1066 284 1141 digni
299 1067 358 1127 visi
372 1082 480 1126 sumus
494 1067 553 1127 deo
565 1067 596 1126 in
608 1068 719 1142 quibus
731 1068 928 1143 experiretur,
944 1085 1039 1142 quan·

35 1156 123 1209 ·tum
142 1149 276 1210 hmrrana
296 1158 405 1211 natura
425 1157 534 1225 posset
554 1151 626 1226 pati.
657 1151 764 1226 Fugite
781 1150 927 1222 deleas,
945 1151 1067 1226 fugit09

56 1241 232 1293 enervatam
253 1233 442 1305 felicitatem,
463 1250 523 1309 oua
544 1234 635 1294 animi
656 1236 893 1310 permadescunt
912 1243 958 1309 et,
980 1236 1039 1296 nisi

56 1317 171 1391 aliquid
191 1317 354 1377 intervenit
369 1319 458 1394 ,quod
479 1318 628 1378 humanae
649 1320 741 1379 sortis
757 1319 936 1393 admoneat,
956 1320 1041 1381 velut

55 1406 205 1474 perpetua
222 1401 367 1461 ebrietate
382 1401 483 1477 sopiti.
507 1416 597 1476 quem
612 1402 785 1477 specularia
799 1416 922 1477 semper
935 1402 974 1462 ab
986 1404 1040 1464 ad·

56 1483 134 1545 flatu
154 1485 401 1558 vindicaverunt,
429 1485 516 1544 cuius
538 1486 635 1559 pedes
656 1486 734 1545 inter
753 1487 889 1546 fomenta
908 1485 1041 1546 subinde

54 1574 172 1627 mutata
191 1574 365 1643 tepuerunt,
388 1568 475 1627 cuius
496 1569 695 1629 coenationes
715 1567 858 1629 subditus
872 1576 902 1628 et
916 1567 1038 1642 parieti-

55 1650 120 1711 bus
140 1651 343 1711 circumfusus
366 1652 450 1712 calor
469 1653 662 1725 temperavit,
683 1651 765 1711 hunc
784 1653 861 1712 levis
882 1667 957 1712 aura
977 1669 1038 1713 non

56 1733 126 1793 sine
140 1735 277 1809 periculo
292 1735 427 1809 stringet.
457 1734 530 1793 Cum
550 1736 650 1794 omnia
666 1750 745 1810 quae
760 1743 961 1796 excesserunt
975 1752 1038 1796 mo·
1048 1741 1082 1793 to

55 1817 130 1876 dum
144 1826 283 1889 noceant,
299 1817 561 1892 periculosissima
572 1818 722 1881 felicitatis
733 1818 964 1895 intemperantia
976 1830 1038 1881 est:

55 1907 161 1961 movet
176 1902 349 1975 cerebrum,
370 1900 400 1961 in
416 1917 512 1961 vanas
528 1909 645 1962 mentes
660 1902 807 1977 imagines
823 1912 946 1977 evocat,
962 1906 1038 1964 mul-

54 1992 119 2043 tum
134 1983 211 2044 inter
226 1985 335 2045 falsum
351 2001 387 2045 ao
399 2001 506 2046 verum
519 1985 638 2045 mediae
653 1987 790 2060 caliginis
803 1987 909 2047 fundit.
933 1987 1038 2061 quidni

53 2068 95 2127 iis
109 2068 204 2128 satius
220 2068 260 2129 sit
278 2077 457 2144 perpetuam
476 2069 680 2130 infelicitatem
695 2070 846 2131 advocata
860 2069 971 2131 virtute
986 2087 1037 2131 su-

54 2153 171 2212 stinere
191 2170 281 2228 quam
301 2152 426 2214 infinitis
447 2162 539 2228 atque
557 2153 719 2213 inmodicis
739 2153 830 2215 bonis
849 2153 971 2230 rumpit
996 2156 1037 2213 fe·

53 2237 124 2296 nior
143 2235 255 2297 ieiunio
278 2254 361 2298 mors
381 2245 443 2298 est=
467 2237 614 2298 cruditate
635 2237 795 2297 dissiliunt.
827 2237 914 2298 Hanc
934 2238 1036 2310 itaque
1046 2245 1076 2298 11
1110 2265 1114 2274 ·

53 2319 205 2381 rationem
220 2322 251 2381 di
271 2329 442 2396 sequuntur
455 2321 487 2382 in
502 2321 592 2381 bonis
606 2320 697 2392 viris,
713 2338 804 2396 quam
825 2320 856 2381 in
877 2321 1037 2395 discipulis

54 2405 123 2464 suis
138 2413 370 2480 praeceptores,
387 2405 439 2481 qui
454 2407 523 2479 plus
538 2404 652 2465 laboris
668 2405 706 2464 ab
718 2403 757 2465 iis
772 2405 912 2478 exigrmt,
926 2401 957 2462 in
971 2405 1037 2478 qui-

53 2487 116 2548 bus
137 2489 246 2548 certior
266 2505 341 2564 spes
363 2497 420 2552 est.
451 2487 598 2564 numquid
617 2497 648 2549 tu
661 2489 779 2550 invisos
796 2503 868 2547 esse
882 2487 1036 2546 Lacedae·

54 2571 166 2631 moniis
186 2573 301 2632 liberos
317 2587 393 2632 suos
408 2573 524 2647 credis,
546 2589 675 2646 quorum
690 2573 889 2648 experiuntur
903 2571 1037 2632 indolem

53 2656 178 2730 publice
190 2655 369 2716 verberibus
384 2656 537 2715 admotis?
551 2655 610 2730 ipsi
624 2656 694 2716 illos
709 2663 813 2730 patres
827 2655 1035 2727 adhortantur,

53 2745 87 2799 ut
108 2740 186 2799 ictus
201 2738 392 2814 flagellorum
407 2740 524 2799 fortiter
538 2739 692 2814 perferant
711 2746 741 2799 et
759 2740 879 2799 laceros
894 2754 935 2798 ae
945 2739 1036 2799 semi-

53 2822 175 2882 animes
187 2831 310 2898 rogaut,
329 2830 529 2897 perseverent
543 2823 669 2883 volnera
683 2822 832 2897 praebere
847 2823 1034 2884 volneribus.

53 2906 134 2980 Quid
156 2906 277 2978 mirum,
305 2908 332 2966 si
358 2907 435 2965 dure
453 2921 624 2980 generosos
644 2906 770 2981 spiritus
791 2907 869 2966 deus
889 2904 1078 2982 temptattll

53 3006 222 3065 numquam
244 2988 361 3051 virtutis
382 2991 473 3051 molle
494 2991 708 3051 documentum
729 2998 786 3052 est.
818 2990 960 3052 verberat
977 3006 1034 3051 nos

51 3083 85 3134 et
104 3075 218 3134 lacerat
239 3074 368 3135 fortuna.
399 3074 564 3150 patiamur:
584 3090 645 3134 non
664 3083 711 3135 est
725 3073 866 3148 saevitia,
882 3081 1034 3134 certarnen

52 3165 116 3229 eat,
139 3159 225 3232 quod
244 3157 272 3218 si
293 3159 421 3233 saepius
437 3158 617 3232 adierimus,
640 3157 783 3219 fortiores
805 3161 928 3218 erimus.
962 3157 1035 3217 soli·

52 3241 181 3306 dissime
202 3243 342 3316 corporis
364 3259 437 3318 pars
458 3251 505 3304 est
527 3260 617 3319 quam
638 3244 784 3317 frequens
804 3259 880 3303 usus
897 3241 1034 3316 agitavit:

51 3324 222 3400 praebendi
243 3327 382 3386 fortunae
397 3344 519 3398 sumus,
539 3335 573 3389 ut
593 3335 698 3388 contm
712 3327 793 3386 illurn
807 3326 846 3386 ab
860 3327 931 3401 ipsa
945 3326 1036 3385 dure-

50 3424 129 3469 mur.
153 3411 295 3484 paulatim
312 3427 370 3471 nos
386 3411 443 3472 sibi
458 3427 549 3486 pares
564 3411 664 3472 faeiat.
693 3418 898 3485 contemptum
913 3407 1034 3484 pericu·

51 3501 151 3554 torum
167 3493 337 3554 adsiduitas
352 3494 543 3570 periclitandi
558 3494 650 3555 dabit.
673 3494 724 3555 Sic
738 3502 807 3556 sunt
821 3493 951 3554 nauticis
966 3494 1078 3553 cor-1³
