2438 3968
139 261 201 328 272
422 264 456 323 L.
476 263 622 322 ANNAEI
643 261 817 323 SENECAE

138 414 302 490 doquidem
321 415 409 474 divus
424 413 565 474 claudius
581 412 692 473 occidit
707 428 847 474 socerum
863 430 957 473 suum
971 415 1105 491 Appium

137 500 281 568 Silanum,
296 513 427 572 generos
439 498 527 570 duos,
540 497 684 572 Magnum
691 497 949 571 PompeiumetL.
960 497 1104 571 Silanum,

136 597 278 643 socerum
292 581 373 642 filiae
389 598 463 641 suae
478 581 636 653 Crassum,
662 580 741 655 frugi
756 581 925 654 hominem,
948 589 1010 641 tam
1024 584 1104 643 simi-

135 668 195 727 lem
210 666 268 727 sibi
285 681 374 740 quam
390 681 567 737 ovacrum,
584 663 773 725 Scriboniam
788 679 910 724 socrum
925 665 1009 725 filiae
1021 683 1103 738 suae,

134 765 262 811 uxorem
282 765 368 808 suam
388 748 584 809 Messalinam
604 755 634 808 et
654 756 787 823 ceteros,
812 764 943 824 quorum
960 764 1103 811 numerus

135 835 202 894 iniri
219 849 280 894 non
299 833 410 908 poluit:
437 834 537 908 placet
555 831 626 891 mihi
647 834 676 891 in
695 848 763 891 eum
780 847 889 892 severe
903 832 1104 895 animadverti

135 933 192 978 nec
217 917 259 977 illi
282 932 382 976 rerum
408 916 637 976 iudicandarum
665 916 852 976 vacationem
881 916 948 975 dari
971 931 1103 992 cumque

136 999 358 1076 quamprimum
379 1001 533 1075 exportari
550 1006 580 1059 et
599 1001 685 1060 coelo
702 1000 779 1060 intra
792 1000 913 1074 triginta
928 999 998 1060 dies
1014 1016 1103 1061 exce-

106 1086 222 1158 adere,
245 1083 375 1161 Olympo
387 1084 465 1144 intra
479 1084 558 1143 diem
572 1085 721 1144 tertium.“
747 1083 877 1142 Pedibus
893 1083 922 1141 in
938 1083 1020 1144 hanc
1035 1099 1101 1144 sen·

133 1169 255 1229 tentiam
268 1168 341 1227 itum
356 1173 412 1228 est.
432 1167 494 1227 Nec
508 1184 608 1238 mora,
626 1167 778 1245 Cyllenius
793 1167 875 1227 illum
887 1167 969 1229 eollo
981 1169 1101 1229 obtorto

133 1253 224 1313 trahit
238 1253 278 1312 ad
292 1251 417 1326 interos

318 1338 391 1395 elluo
403 1338 481 1395 unde
496 1342 606 1409 necant
617 1337 718 1394 redire
730 1349 913 1408 quemquam.

102 1431 118 1483 1
193 1420 257 1478 Xll.
278 1421 356 1479 Dum
378 1420 566 1479 descendunt
587 1436 642 1492 per
662 1418 741 1477 viam
767 1431 901 1490 sacram,
934 1417 1101 1492 interrogat

132 1503 316 1575 Mercurius,
340 1503 413 1577 quid
427 1503 486 1562 sibi
498 1503 571 1562 velit
587 1503 636 1561 ille
652 1516 820 1561 concursus
835 1500 1008 1574 hominum,
1030 1519 1099 1562 num

134 1585 250 1646 claudii
273 1588 364 1646 funus
385 1593 488 1646 essctt
516 1586 554 1646 Et
574 1592 638 1645 crat
653 1585 785 1647 omnium
799 1583 1058 1646 formosissimum
1073 1592 1101 1646 et

133 1670 262 1742 inpensa
283 1685 370 1743 cura,
399 1672 489 1745 plane
509 1679 542 1730 ut
562 1670 657 1730 scires
680 1670 769 1729 deum
789 1667 905 1727 efferri=
932 1668 1099 1744 tibicinum,

134 1753 334 1826 cornicinum,
359 1754 456 1814 omnis
471 1755 592 1828 generis
606 1759 797 1814 aetaealorum
810 1758 893 1812 tanta
905 1753 1011 1825 turba,
1035 1761 1097 1813 tan·

105 1845 182 1900 utus
197 1843 379 1910 concentus,
402 1845 435 1898 ut
449 1837 536 1898 ctiam
553 1837 695 1897 Claudius
712 1835 816 1895 audire
831 1842 948 1910 posset.
986 1835 1099 1897 Omnes

132 1917 217 1990 laeti,
246 1919 367 1979 hilares.
405 1922 537 1995 populus
561 1921 717 1980 Romanus
743 1919 915 1980 ambulabat
944 1926 1098 1995 tamquam

133 2001 222 2060 liber:
244 2003 364 2077 Agatho
381 2010 411 2063 ct
425 2004 513 2078 pauci
528 2004 674 2064 causidici
688 2004 860 2078 plorabant,
883 2003 939 2062 scd
953 2005 1048 2076 plane
1062 2020 1098 2062 ex

133 2086 241 2145 animo.
263 2085 471 2147 Iurisconsulti
487 2089 649 2148 etenebris
662 2087 879 2162 procedebant,
894 2086 1014 2161 pallidi,
1031 2103 1098 2162 gra-

133 2169 221 2243 cileS,
247 2172 296 2229 vix
317 2170 447 2229 animam
467 2171 627 2244 habentes,
650 2179 803 2246 tamquam
826 2169 878 2245 qui
896 2172 1098 2231 cummaxime

132 2252 358 2315 reviviscerent.
389 2253 436 2313 Ex
450 2255 497 2314 his
512 2271 591 2315 unus
608 2272 675 2315 cum
688 2253 815 2315 vidisset
826 2254 925 2328 capita
937 2256 1096 2316 conlcreu

132 2344 178 2395 tes
198 2343 229 2397 ct
248 2340 385 2398 fortunas
407 2354 479 2399 suas
501 2339 694 2414 deplorantes
714 2337 901 2411 causidicos,
928 2339 1050 2399 accedit
1069 2345 1098 2398 et

133 2420 192 2479 ait:
227 2421 386 2495 „dicebam
410 2423 518 2495 vobis,
552 2439 612 2482 non
638 2438 760 2497 semper
784 2420 956 2482 Saturnalia
980 2426 1098 2482 erunt.“

134 2502 276 2565 Claudius
303 2513 336 2565 ut
363 2506 439 2567 vidit
463 2508 553 2567 lunus
579 2524 685 2580 suum,
719 2505 863 2566 intellexit
887 2520 923 2564 se
946 2513 1097 2567 mortuum

132 2602 213 2647 esse.
242 2589 354 2662 ingenti
372 2591 449 2649 enim
471 2591 691 2672 μεγαληγορίᾳ
711 2590 819 2650 naenia
833 2589 1011 2650 cantabatur
1025 2605 1097 2650 ana·

132 2672 262 2744 paestlst

213 2757 343 2816 Fundite
352 2761 447 2831 fletus,
704 2758 763 2818 Ille
775 2761 863 2817 citato

215 2839 302 2899 Edite
315 2843 462 2914 plaudas,
712 2844 835 2901 Vincere
848 2856 939 2899 cursu

216 2924 471 2998 [Fiuotteluctua]
704 2926 951 2994 Poteruteelerec,

213 3005 339 3066 Resonet
351 3011 428 3068 triste·
704 3009 761 3068 Ille
772 3009 893 3068 rebelles

193 3091 479 3164 adlamoresorum:
673 3121 695 3153 η
706 3093 844 3152 Fundere
857 3091 985 3150 Peridus

216 3174 326 3234 Cecidit
333 3178 463 3251 pulchre·
703 3177 881 3250 levibusque
893 3177 978 3250 sepau

216 3258 359 3318 Cordotus
371 3261 462 3334 domo,
704 3261 829 3319 Persida
841 3261 905 3318 telis

217 3339 440 3409 Quonouala'ua
706 3344 848 3417 Certaque
861 3358 952 3402 mauu

216 3425 401 3486 Fulcintoto
708 3427 983 3497 Teuctereuerouru,

184 3528 206 3564 ro
217 3506 333 3567 Fortior
343 3511 420 3569 orbe.
671 3539 694 3571 ιο
707 3512 763 3582 (lui
770 3513 950 3587 praecipites
