2438 3968
251 257 353 318 DlAL.
371 257 423 318 111.
446 258 498 319 bl:
519 259 589 320 IRA
609 259 682 320 LlB.
704 261 725 319 1.
741 267 839 324 6-8.
992 258 1032 326 ¹ss

57 409 220 472 moderari.
253 425 323 470 nam
339 424 407 468 oum
422 424 457 470 εε
471 407 501 469 in
517 409 719 485 possessione
735 419 911 486 posuerunt,
927 419 1033 487 poten-

56 494 136 556 tiora
148 499 269 554 rectore
282 499 355 554 sunt
369 509 427 553 nec
446 493 541 555 recidi
562 509 597 554 se
617 494 750 554 minuive
773 496 933 570 patiunbrr.
975 496 1064 558 uec

56 578 129 638 inde
150 576 227 637 ratio
249 576 336 653 ipsa,
364 576 412 638 cui
427 576 504 637 ireni
519 578 692 652 traduntur,
717 579 833 640 tamdiu
856 587 1035 655 potensest

60 661 204 734 quamdiu
220 661 345 722 diducta
358 667 408 722 est
421 661 459 721 ab
475 661 655 722 adfectibus.
696 661 723 722 si
745 663 866 724 miscuit
879 680 914 723 se
927 663 987 726 iliis
1004 673 1035 727 et

57 743 234 821 inquinavit,
257 761 319 806 non
333 752 436 820 potest
449 745 604 806 continere
619 761 698 819 quos
720 746 904 808 submovere
921 749 1034 822 potuis·
1071 808 1074 813 .

56 837 113 890 set.
150 836 300 890 commota
314 829 394 889 enim
407 829 504 890 semel
519 835 549 889 et
561 844 695 891 excussa
709 845 795 891 mens
809 831 837 890 ei
854 831 957 906 servit,
972 849 1033 907 quo

56 913 219 989 inpellitur.
253 912 455 988 Quarumdam
477 928 578 972 rerum
598 913 682 974 initia
701 914 731 974 in
756 921 862 975 nostra
884 917 1086 990 potestaten.

59 1003 147 1071 sunt,
167 998 312 1058 ulteriora
332 1013 389 1057 nos
404 997 435 1056 vi
456 1013 513 1057 sua
532 998 654 1072 rapiunt
673 1014 731 1059 nec
750 1013 926 1074 regressum
946 999 1035 1060 relin-

57 1087 163 1158 quunt.
196 1080 279 1143 Utin
296 1096 446 1157 praeceps
462 1079 540 1141 datis
556 1082 736 1156 corporibus
752 1084 867 1143 nullum
887 1082 935 1142 sui
957 1082 1036 1143 arbi·

56 1165 145 1227 trium
164 1172 212 1227 est
234 1180 291 1226 nec
311 1165 455 1226 resistere
469 1165 620 1226 morarive
641 1165 759 1228 deiecta
780 1174 957 1242 potuerunt,
979 1166 1036 1228 sed

57 1249 218 1311 consilium
233 1265 323 1310 omne
338 1257 368 1309 et
382 1247 598 1325 poenitentiam
619 1250 835 1312 inrevocabilis
855 1250 1035 1327 praecipita·

57 1335 98 1396 tio
115 1332 247 1394 abscidit
261 1341 366 1394 elnon
381 1335 503 1394 liceteo
521 1348 583 1392 non
600 1335 769 1408 pervenire,
785 1349 847 1408 quo
864 1350 925 1394 non
940 1335 985 1394 ire
1001 1335 1034 1393 li·

57 1418 188 1479 cuisset=
218 1417 260 1478 ita
274 1417 394 1478 animus
410 1416 438 1478 si
452 1418 483 1476 in
497 1417 587 1489 iram,
609 1433 742 1478 amorem
758 1419 900 1492 aliosque
912 1433 948 1477 se
963 1432 1035 1493 pro·

55 1502 128 1563 iecit
143 1503 296 1577 adlectus,
310 1517 371 1562 non
387 1500 566 1577 permittitur
581 1500 746 1575 reprimere
761 1501 905 1575 inpetum.
939 1501 1038 1575 rapiat

55 1587 140 1647 illum
155 1592 277 1660 oportet
298 1586 380 1645 etad
398 1585 491 1644 imum
511 1591 581 1657 agat
599 1586 725 1660 pondus
743 1601 832 1645 suum
853 1582 1036 1645 elvitiorum

56 1678 165 1731 natura
181 1668 336 1744 proclivis.

118 1753 198 1813 vl11.
234 1751 385 1828 Optimum
401 1759 448 1813 est
470 1753 597 1828 primum
617 1752 840 1812 inritamentum
859 1750 924 1812 irae
944 1751 1065 1827 proti-1
1092 1769 1096 1775 ·

57 1854 116 1898 nus
131 1852 279 1912 spernere
293 1836 432 1913 ipsisque
446 1851 618 1913 repugnare
634 1835 800 1898 seminibus
817 1842 858 1909 [et
871 1836 947 1897 dara
961 1850 1035 1911 ope·

56 1937 122 1981 ram
137 1936 177 1981 ne
191 1920 361 1981 incidamus
376 1921 406 1981 in
420 1921 518 1994 iram].
545 1937 614 1981 nam
630 1921 657 1981 si
672 1920 775 1995 coepit
788 1921 867 1981 terre
884 1926 1035 1981 transver-

55 2021 127 2078 sos,
148 2003 282 2066 dillicilis
299 2005 481 2066 adsalutem
496 2021 641 2066 recursus
656 2011 717 2075 εει,
741 2004 885 2078 quoniam
900 2002 974 2063 nihil
987 2019 1035 2062 ra·

56 2090 148 2150 tionis
174 2096 235 2164 est,
261 2088 314 2150 ubi
336 2090 430 2149 semel
455 2090 593 2150 adiectus
618 2089 760 2149 inductus
787 2095 834 2149 εει
858 2088 969 2162 iusque
994 2086 1036 2146 illi

55 2173 183 2248 aliquod
196 2174 352 2234 voluntate
364 2180 469 2233 nostra
480 2174 582 2233 datum
594 2179 656 2232 est=
672 2171 764 2232 laciet
774 2173 814 2232 de
826 2180 927 2233 cetero
939 2186 1034 2246 quan-

55 2264 119 2316 tum
134 2259 230 2329 volet,
246 2272 308 2317 non
324 2265 468 2333 quantum
485 2255 670 2332 permiseris.
713 2256 747 2315 ln
763 2256 884 2330 primis,
900 2257 1065 2330 inquam‚2

56 2339 170 2401 finibus
189 2341 288 2402 hostis
308 2342 459 2402 arcendus
481 2349 536 2402 εει.
579 2356 649 2400 nam
671 2356 739 2401 cum
759 2338 881 2400 intravit
895 2346 925 2399 et
940 2338 1036 2412 portis

56 2440 92 2483 se
109 2421 216 2500 intulit,
231 2426 355 2486 modum
376 2440 395 2484 a
410 2424 540 2501 captivis
554 2441 615 2485 non
632 2424 751 2499 accipit.
777 2421 972 2496 nequeenim
987 2437 1036 2482 se-

56 2508 179 2582 positus
193 2517 241 2570 est
255 2509 373 2569 animus
388 2517 419 2569 et
431 2507 624 2569 extrinsecus
639 2508 815 2582 speculatur
830 2507 986 2579 adlectus,
1005 2511 1038 2565 ut

55 2591 127 2652 illos
146 2608 208 2653 non
229 2591 361 2669 patiatur
379 2593 458 2652 ultra
479 2608 569 2667 quam
590 2594 710 2667 oport‘et
730 2590 914 2667 procedere,
935 2588 1036 2649 sedin

55 2676 211 2737 adlectum
239 2677 307 2752 ipse
331 2682 462 2736 mutatur
485 2675 619 2751 ideoque
640 2692 702 2735 non
723 2679 825 2750 potest
839 2672 941 2734 utilem
955 2671 1037 2733 illam

54 2761 117 2819 vim
132 2766 162 2820 et
176 2761 355 2832 salutarem,
375 2757 528 2835 proditam
546 2761 606 2820 iarn
623 2759 865 2832 infirmatamque
879 2771 1035 2817 revocare.

53 2843 122 2904 Non
137 2844 226 2917 enim,
242 2852 275 2906 ut
288 2844 361 2915 dixi,
378 2849 537 2919 separatas
556 2844 616 2904 ista
635 2844 727 2903 sedes
743 2857 817 2902 suas
833 2841 1067 2915 diductasquea

53 2926 182 3002 habent,
205 2929 263 2989 sed
283 2929 421 2988 adiectus
436 2934 466 2987 ει
478 2928 555 2989 ratio
571 2928 601 2986 in
617 2927 724 2986 metius
740 2927 891 3003 peiusque
911 2925 1036 2985 mutatio

55 3011 148 3072 animi
160 3019 219 3072 est
257 3012 416 3086 Quomodo
432 3026 506 3086 ergo
521 3012 597 3073 ratio
613 3019 764 3086 occupata
779 3015 809 3070 et
824 3024 977 3084 oppressa
992 3008 1036 3066 vi—

54 3094 105 3156 tiis
119 3103 268 3171 resurget
285 3111 365 3172 quae
379 3095 442 3156 irae
456 3094 570 3157 cessit?
582 3102 633 3155 aut
645 3095 900 3171 quemadmodum
912 3107 952 3152 ex
963 3106 1035 3153 eon-

55 3180 179 3241 iusione
193 3195 229 3240 se
243 3180 395 3253 liberabit,
420 3180 451 3240 in
474 3196 536 3255 qua
551 3179 688 3256 peiorum
702 3179 834 3239 mixtura
848 3175 1038 3253 praevaluita

53 3261 139 3338 „Sed
161 3264 300 3339 quidam,
321 3263 432 3339 inquit,
454 3264 484 3324 in
504 3263 552 3324 ira
570 3280 605 3325 se
626 3263 810 3324 continent.“
841 3262 949 3324 Utrum
962 3257 1066 3334 ergod

53 3347 111 3421 ita,
137 3354 171 3409 ut
192 3348 266 3408 nihil
287 3348 399 3409 iaciant
419 3363 526 3408 eorum
541 3363 619 3423 quae
634 3348 679 3407 ira
693 3347 786 3408 dictat
800 3361 839 3406 an
853 3351 887 3407 ut
900 3344 1037 3420 aliquida

55 3432 82 3492 si
103 3430 177 3491 nihil
193 3432 322 3506 iaciunt,
347 3433 475 3507 adparet
495 3447 556 3492 non
571 3447 642 3492 esse
656 3431 696 3491 ad
711 3430 848 3492 actiones
869 3444 970 3490 rerum
984 3442 1036 3486 ne-

51 3529 223 3576 cessariam
238 3517 327 3589 iram,
349 3531 439 3592 quam
464 3530 536 3590 vos,
559 3516 646 3590 quasi
668 3514 774 3598 lortius
789 3513 905 3589 aliquid
919 3509 1037 3572 mione
