2438 3968
150 237 344 300 ACCIDANT
361 236 442 299 CUM
459 236 720 298 PROVIDENTIA
740 235 808 297 SIT.
830 237 882 296 lv.
903 238 941 295 V.
998 236 1037 299 13

54 409 126 455 num
143 392 293 453 debilitari
315 397 366 451 aut
385 391 552 466 constringi
568 398 620 450 aut
634 391 776 465 adligari,
794 393 891 452 maios
912 392 1038 466 integris

54 477 239 552 corporibus
260 477 378 537 solutos
394 490 431 536 ac
451 476 600 536 delicatos
622 475 795 535 incederc.“
825 475 903 550 Quid
924 482 1039 552 porroi

53 579 116 623 non
139 569 187 622 est
207 560 344 635 iniquum
366 560 462 620 fortes
482 559 566 619 viros
587 574 671 619 arma
692 574 813 620 sumere
833 567 863 621 et
881 559 910 620 in
928 560 1037 621 castris

54 652 238 722 pernoctare
252 651 282 704 et
296 645 446 720 provallo
459 642 600 718 obligatis
615 650 697 703 stare
711 643 904 716 volneribus,
920 644 1038 704 interim

53 730 84 790 in
101 730 177 790 urbe
191 743 320 789 securos
335 742 407 788 esse
421 728 581 802 praecisos
592 733 624 787 et
636 728 797 802 professos
810 727 1039 803 inpudicitiam?

55 815 130 889 quid
157 820 270 889 porro?
295 829 356 873 non
381 819 427 872 est
452 812 590 887 iniquum
611 812 817 873 nobilissimas
840 811 975 887 virgines
997 812 1038 872 ad

56 914 146 958 sacra
166 897 307 957 iacienda
326 894 467 957 noctibus
488 895 629 968 excitari,
651 895 799 956 altissimo
815 912 923 957 somno
939 894 1038 971 inqui·

55 991 143 1043 natas
159 981 239 1041 irui‘r
258 981 360 1042 Labor
375 979 507 1055 optimos
523 979 608 1040 citat:
630 986 754 1040 senatus
775 996 832 1056 per
847 988 943 1042 totum
959 981 1067 1042 diemi

57 1082 154 1141 saepe
165 1065 349 1140 consulitur,
365 1080 434 1124 cum
448 1063 498 1124 iilo
511 1070 649 1138 tempore
661 1064 828 1125 vilissimus
840 1065 973 1140 quisque
987 1070 1039 1125 aot

55 1150 86 1210 in
109 1164 218 1225 campo
241 1149 333 1210 otium
356 1163 444 1209 suum
465 1147 594 1208 oblectet
616 1155 667 1209 aut
687 1148 716 1207 in
739 1149 856 1224 popina
876 1151 968 1210 lateat
987 1155 1040 1210 aut

54 1241 176 1310 tempus
197 1233 228 1294 in
248 1234 352 1309 atiquo
374 1233 487 1292 circulo
508 1239 594 1292 terat.
627 1232 707 1292 idem
730 1233 760 1292 in
781 1233 839 1294 hac
860 1249 971 1308 magna
990 1249 1038 1292 re-

55 1318 179 1394 publica
199 1318 248 1378 fltr
269 1315 342 1378 boni
359 1315 416 1376 viri
436 1316 588 1389 laborant,
609 1317 803 1392 impendunt,
823 1317 1039 1392 impenduntur

57 1410 95 1463 et
117 1403 299 1464 volentes
327 1400 493 1476 quidem,
520 1416 580 1461 non
607 1400 764 1462 trabuntur
789 1417 807 1460 a
828 1402 963 1474 fortuna,
989 1416 1038 1461 se·

57 1483 190 1562 quuntur
209 1485 292 1547 iiiam
307 1491 337 1544 et
351 1491 484 1560 aequant
497 1485 620 1559 gradus.
643 1486 669 1544 si
690 1485 837 1559 scissent,
854 1485 1038 1546 antecessis-

56 1572 135 1631 s'ent.
155 1568 243 1630 Hanc
259 1584 382 1644 quoque
397 1568 566 1630 animosam
580 1569 723 1630 Demetrii
744 1570 900 1630 fortissimi
916 1568 971 1628 viri
987 1578 1067 1633 voc

57 1669 125 1715 cem
146 1654 271 1714 audisse
288 1668 337 1713 me
350 1651 489 1712 memini=
507 1654 571 1714 Hoc
584 1670 690 1728 onem,
711 1654 823 1730 inquit,
844 1656 883 1715 de
896 1655 987 1726 vodo,
1008 1654 1042 1713 di

57 1742 247 1811 inmortales,
268 1741 355 1813 pueri
368 1753 502 1813 possum,
523 1738 603 1812 quod
619 1754 678 1798 aon
697 1746 766 1799 ante
779 1739 853 1799 milri
864 1742 1040 1799 voluntatem

56 1830 185 1883 vestram
209 1829 308 1884 notam
327 1821 451 1895 fecitis.
473 1825 563 1897 prior
581 1825 659 1882 enim
683 1825 800 1884 edisio
820 1827 974 1895 venissem,
998 1823 1042 1882 ad

56 1923 135 1984 quae
147 1925 227 1968 nunc
241 1913 360 1967 vocotus
378 1907 494 1966 adsum.
522 1908 614 1968 Vultis
633 1907 740 1968 liberos
754 1924 887 1969 morere:
906 1908 985 1968 vobr's
997 1910 1039 1967 il-

55 1995 100 2052 los
120 1994 232 2052 sustuli.
274 1991 366 2052 Vultis
385 1994 517 2065 aliquam
534 1997 651 2066 partem
672 1994 821 2067 corporis:
840 1995 953 2052 sumite.
980 2008 1039 2052 nort

55 2092 197 2150 mapsam
210 2092 273 2136 rem
286 2078 432 2150 promitto.
459 2078 516 2136 cito
530 2082 618 2136 totum
631 2078 808 2151 relinquam.
838 2077 932 2137 Vultis
944 2078 1039 2151 spiri-

57 2168 135 2221 tum:
156 2156 283 2235 quidni?
301 2163 416 2220 nullom
429 2175 543 2219 moram
554 2159 688 2233 faciam,
709 2176 766 2235 quo
779 2163 875 2220 minus
888 2162 1041 2235 recipiatis

56 2246 138 2320 qood
155 2245 285 2305 dedistis.
318 2261 339 2303 α
358 2247 469 2304 colente
490 2243 597 2317 feretis
616 2246 759 2319 quicquid
780 2247 933 2320 petieritis.
964 2243 1068 2315 Ouidii

57 2345 130 2402 erpo
143 2326 209 2389 est?
228 2331 396 2389 maluissem
409 2326 522 2402 offerre
536 2345 625 2402 poam
640 2331 770 2388 tradere.
799 2330 873 2403 quid
890 2345 963 2403 opus
979 2327 1042 2400 fuit

57 2409 207 2485 auferre?
227 2415 364 2488 accepere
380 2415 523 2488 potuistis.
546 2414 601 2472 sed
613 2430 650 2472 rte
663 2430 743 2474 nunc
757 2414 874 2487 quidem
888 2411 1040 2485 noseretr's,

57 2499 129 2572 quio
141 2497 217 2557 nibil
235 2499 363 2573 eripitur
375 2500 435 2557 nisi
452 2499 598 2557 retinenti.
626 2498 708 2556 Nihil
726 2513 829 2571 sopor,
850 2497 926 2556 nibil
941 2498 1042 2571 patior

56 2583 166 2642 invitus
178 2599 234 2642 nec
246 2584 342 2642 servio
353 2583 416 2652 deo,
430 2582 485 2640 sed
497 2583 656 2652 adsentior,
670 2582 831 2655 ecquidem
844 2582 947 2654 mapis,
963 2580 1043 2655 quod

56 2667 119 2726 scic)
131 2669 229 2726 omnio
242 2672 325 2726 certo
339 2668 410 2725 etin
425 2674 576 2725 aeternum
588 2666 668 2727 dicto
681 2668 746 2739 lepe
759 2666 928 2725 decurrere.
949 2663 1069 2735 rator

57 2765 130 2810 nos
151 2748 297 2810 ducunt
317 2755 348 2809 et
368 2755 514 2823 quantum
530 2749 640 2823 cuique
658 2750 803 2822 temporis
818 2755 927 2820 restat,
943 2749 1041 2824 prima

58 2831 249 2894 nascentium
271 2832 348 2892 hora
368 2833 530 2908 disposuit.
561 2848 655 2893 causa
672 2832 785 2907 pendet
799 2848 837 2892 ex
853 2849 956 2894 causa.
982 2833 1040 2908 pri-

55 2923 130 2978 vate
151 2932 188 2978 ac
210 2916 333 2993 publica
353 2918 463 2991 iongu's
484 2918 560 2977 ordo
580 2933 682 2978 rerum
703 2916 807 2976 trahit:
832 2918 903 2979 ideo
925 2918 1042 2978 fortiter

56 3014 151 3063 omne
175 2999 353 3076 patiendum
380 3009 442 3072 est,
468 3000 540 3076 quia
561 3018 639 3075 non,
665 3008 699 3061 ut
722 3008 881 3076 putamus,
906 3002 1042 3062 incidunt

57 3091 182 3158 cuncta,
203 3085 262 3144 sed
275 3085 411 3146 veniunt.
435 3087 504 3146 olim
521 3086 716 3146 constitutum
737 3093 784 3146 est
806 3087 880 3162 quid
894 3086 1041 3162 gaudeas,

57 3167 134 3246 quid
154 3166 247 3241 fleas,
271 3178 301 3230 et
317 3171 456 3244 quamvis
471 3186 582 3245 magna
595 3171 734 3230 videatur
746 3171 892 3231 varietate
907 3171 1041 3245 singulo·

55 3270 124 3313 rum
137 3254 199 3313 vita
210 3253 367 3329 distingui,
385 3270 503 3315 summa
517 3255 546 3313 in
561 3270 653 3314 unum
666 3255 762 3314 venit:
778 3255 946 3330 accipimus
963 3255 1042 3330 peri·

55 3344 126 3399 tura
148 3337 282 3413 perituri.
311 3338 511 3414 cnidiaque
533 3339 746 3414 indignamur?
772 3339 845 3415 quid
868 3338 1075 3414 querimurrs

57 3421 97 3482 ad
119 3421 179 3483 hoc
201 3423 298 3497 parati
319 3439 436 3484 sumus.
464 3429 565 3483 utatur
578 3430 611 3482 ut
624 3425 688 3483 vult
703 3423 768 3483 suis
783 3431 890 3484 natura
906 3423 1042 3499 corpori·

55 3505 131 3567 bus:
153 3523 211 3567 nos
233 3507 303 3568 laeti
325 3507 366 3567 ad
388 3508 489 3569 omnia
509 3515 538 3568 ct
560 3508 653 3570 iortes
670 3508 839 3584 cogitemus
853 3507 926 3570 nihil
943 3508 1046 3582 perire
