2438 3968
134 249 174 311 to
213 251 314 312 orat.
335 253 356 310 r.
386 251 518 326 Quane
533 251 681 326 attona
696 250 1022 312 rneommooaerc.

106 422 196 484 aquo
211 407 314 467 leriret
328 406 474 476 animum,
497 403 578 464 dedi.
606 405 686 463 Ante
701 403 802 464 omnia
817 406 898 478 cavi,
918 421 957 466 ne
973 406 1042 480 quis
1057 425 1117 470 vos

135 498 251 553 teneret
265 490 385 550 invitos.
408 494 491 564 patet
505 487 615 549 exitus.
645 486 673 548 si
687 504 825 563 pugnare
840 505 901 549 non
914 490 1023 563 vultis,
1044 492 1118 553 licet

136 578 250 651 lugere.
278 575 348 635 ideo
364 589 403 633 ex
418 572 560 633 omnibus
573 574 667 633 rebus
683 587 760 647 quas
776 588 848 632 esse
862 574 950 634 vobis
969 591 1117 637 necessa·

134 662 197 722 rias
215 658 313 733 volui,
334 657 407 717 nihil
428 656 486 717 ieci
508 657 626 717 facilius
649 673 738 732 quam
753 656 840 716 mori.
874 673 970 733 prono
984 658 1117 722 animam

134 748 204 806 loco
225 743 332 819 posun
354 741 487 803 trahitur.
519 739 796 809 Adtenditemcdo
817 748 847 802 et
860 741 1002 804 videbitis
1024 761 1117 820 quam

134 828 237 890 brevis
253 829 290 888 ad
306 827 475 886 libertatem
489 833 520 886 et
535 841 627 900 quam
641 824 786 898 expedita
796 824 955 887 duoetvia.
977 843 1039 888 non
1054 837 1116 889 tam

134 915 242 988 longas
258 913 287 971 in
303 910 385 970 exitu
397 909 486 969 vobis
502 925 593 984 quam
607 908 786 968 intrantibus
800 924 904 970 moras
918 911 1025 984 posui:
1041 914 1116 973 alio-

136 997 207 1073 quin
224 1010 364 1070 magnum
385 992 416 1054 in
430 1008 487 1053 vos
508 1008 634 1068 regnum
656 993 776 1052 fortuna
796 993 959 1068 tenuisset,
979 994 1007 1056 si
1022 996 1115 1058 homo

104 1089 194 1145 ctam
209 1080 295 1140 tarde
309 1084 478 1138 moreretur
488 1094 579 1152 quam
590 1077 735 1138 nascitur.
758 1075 852 1136 Omne
866 1085 997 1155 tempus,
1015 1082 1115 1143 omnis

134 1182 193 1243 vos
213 1166 301 1225 locus
323 1163 446 1232 doceat,
470 1177 561 1236 quam
583 1161 671 1222 facile
691 1159 732 1220 sit
749 1161 921 1222 renuntiare
940 1170 1068 1225 naturae
1085 1171 1116 1225 et

135 1264 245 1309 munus
260 1247 301 1307 illi
314 1262 403 1308 suum
416 1244 591 1320 inpingere=
610 1246 687 1306 inter
701 1244 770 1320 ipsa
784 1245 889 1305 altaria
904 1253 934 1307 et
947 1249 1114 1311 sollemnes

135 1331 369 1394 sacrificantium
383 1331 469 1405 ritus,
484 1331 557 1391 dum
572 1336 693 1405 optatur
706 1328 775 1402 vita,
792 1339 918 1390 mortem
934 1333 1114 1394 condiscite.

135 1432 267 1493 corpora
281 1416 384 1491 opima
395 1422 550 1476 taurorum
564 1414 675 1488 exiguo
688 1413 851 1474 concidunt
864 1415 990 1476 volnere
1004 1424 1035 1478 et
1049 1435 1114 1478 ma·

133 1517 260 1578 gnarum
282 1500 389 1560 virium
416 1499 557 1559 animalia
581 1498 731 1559 humanae
753 1512 860 1558 manus
880 1497 959 1560 ictus
986 1500 1113 1577 inpellit.

134 1585 219 1647 tenui
234 1587 314 1646 ferro
331 1584 532 1645 commissura
547 1583 675 1643 cervicis
690 1582 892 1657 abrumpitur,
915 1591 1027 1646 etcum
1041 1587 1113 1647 arti-

135 1672 222 1731 culus
236 1668 287 1730 ille
302 1669 354 1746 qui
369 1675 461 1743 caput
475 1668 647 1742 collumque
663 1667 817 1727 committit
829 1667 944 1728 incisus
960 1677 1015 1746 est,
1030 1677 1115 1732 tanta

105 1755 185 1817 billa
204 1755 301 1813 moles
323 1754 444 1813 corruit.
475 1753 541 1812 Non
563 1752 592 1811 in
615 1752 675 1812 alto
696 1753 769 1812 latet
788 1750 913 1825 spiritus
934 1768 991 1814 nec
1005 1756 1113 1831 utique

136 1839 215 1898 ierro
237 1836 390 1896 eruendus
412 1843 468 1896 est.
502 1851 562 1894 non
590 1842 660 1895 sunt
682 1835 804 1895 volnere
823 1836 946 1909 penitus
967 1838 1112 1914 inpresso

136 1919 300 1981 scrutanda
315 1919 508 1994 praecordia:
530 1917 560 1978 in
578 1918 715 1992 proximo
731 1933 814 1979 mors
833 1927 889 1981 est.
922 1938 981 1981 non
997 1930 1112 1984 eertum

136 2007 175 2065 ad
188 2005 244 2065 bos
256 2005 335 2064 ictus
347 2002 497 2064 destinavi
508 2004 623 2062 locum:
639 2018 831 2077 quacumque
843 2003 892 2063 via
904 2007 1041 2080 pervium
1054 2016 1112 2069 est.

135 2089 237 2163 ipsum
251 2087 325 2147 illud
341 2088 424 2162 quod
434 2087 562 2148 vocatur
572 2087 664 2160 mori,
682 2102 743 2160 quo
756 2086 855 2148 anima
867 2088 997 2150 discedit
1010 2107 1029 2151 a
1044 2107 1111 2154 cor-

135 2188 226 2248 pore,
247 2171 371 2233 brevius
386 2177 447 2247 est,
471 2187 560 2245 quam
577 2177 609 2231 ut
622 2170 725 2231 sentiri
739 2177 821 2232 tanta
835 2174 982 2234 velocitas
996 2178 1119 2250 possiti
1154 2190 1156 2211 ¹

135 2258 201 2318 sive
216 2259 323 2317 lauces
336 2256 438 2318 nodus
453 2254 546 2329 elisit,
563 2255 629 2316 sive
643 2255 860 2329 spiramentum
874 2273 956 2331 aqua
971 2263 1113 2333 praeclu-

135 2342 188 2416 sit,
203 2341 269 2402 sive
283 2341 312 2399 in
326 2346 417 2415 caput
429 2342 536 2416 lapsos
548 2339 734 2400 subiacentis
746 2338 805 2399 soli
817 2339 925 2401 duritia
936 2343 1112 2418 conminuit,

134 2427 200 2486 sive
219 2426 348 2486 haustus
369 2424 449 2500 ignis
469 2439 591 2484 cursum
613 2424 731 2484 animae
751 2424 913 2486 remeantis
928 2424 1112 2491 interscidit=

135 2510 279 2587 quicquid
295 2518 356 2580 est,
372 2516 531 2584 properat=
547 2507 657 2583 ecquid
669 2506 870 2568 erubescitis?
884 2511 968 2584 quod
979 2519 1040 2572 tam
1052 2512 1112 2576 cito

134 2593 182 2667 ilt,
203 2594 312 2656 timetis
328 2593 401 2654 diu?
415 2593 479 2634 ***
