2438 3968
74 199 77 212 '
124 234 177 294 nu
200 221 384 295 unnctnm
405 235 455 294 nn
479 233 778 295 consummana.
808 241 927 296 m-n.
979 234 1038 299 137

59 382 173 460 dignus
190 387 363 446 sacerdotio
381 385 548 458 videretur,
571 393 707 444 materna
730 385 796 444 sine
815 387 907 446 dubio
929 386 1037 448 sutl'ra-

57 471 201 545 gatione,
224 470 336 531 sedne
353 477 452 529 mater
473 470 596 543 quidem
615 470 672 528 nisi
693 486 749 543 pro
772 469 853 529 bono
875 471 1038 532 candidato

58 555 216 615 valuisset.
249 553 362 614 Harum
385 553 639 627 contemplatIone
661 553 801 612 virtutum
824 552 919 613 filium
941 557 955 588 *
974 560 1066 630 gerit

58 654 151 715 quam
172 637 199 698 si
215 637 254 674 **
270 653 350 698 nunc
371 639 420 698 ille
439 638 491 697 tibi
508 637 605 712 magis
621 644 717 696 vacat.
749 652 830 696 nunc
848 638 920 697 nihil
937 638 1036 708 hahet,

59 737 121 796 quo
136 731 273 783 vocetur.
298 738 464 796 numquam
482 722 532 782 tibi
548 721 759 796 sollicitudini,
775 737 940 796 numquam
955 738 1036 783 moe-

57 807 119 866 rori
135 805 200 866 erit.
230 807 314 882 quod
335 821 427 866 uuum
449 822 487 864 ex
509 815 569 866 tam
589 805 671 865 bono
694 805 756 866 filio
778 812 902 880 poteras
923 807 1037 879 dolere,

57 890 197 951 doluisti=
221 899 321 951 cetera
342 897 483 965 exempta
504 891 643 962 casibus,
665 891 756 965 plena
770 889 936 965 voluptatis
958 900 1036 960 sunt,

57 973 86 1034 si
101 976 194 1035 modo
209 977 252 1035 uti
267 975 329 1034 filio
345 973 418 1048 scis,
434 973 566 1034 simodo
583 975 655 1048 quid
670 975 700 1032 in
717 975 766 1033 illo
784 973 1037 1049 pretiosissimum

56 1059 155 1131 t'uertt,
171 1059 330 1133 intellegis.
354 1060 457 1134 Imago
476 1060 632 1118 dumtaxat
647 1059 699 1117 lilii
716 1059 756 1118 tui
773 1059 861 1134 periit
874 1065 905 1118 et
919 1059 1067 1133 effigies5

56 1159 119 1204 non
143 1143 310 1215 simillima,
338 1143 406 1218 ipse
428 1142 551 1217 quidem
572 1152 759 1203 aeternus
781 1143 1037 1217 meliorisque

57 1243 158 1286 nunc
180 1234 307 1287 status
332 1234 404 1299 est,
426 1226 616 1302 despoliatus
639 1227 784 1287 oneribus
806 1227 912 1287 alienis
935 1233 964 1286 et
979 1228 1036 1287 sihi

56 1312 191 1370 relictus.
220 1312 303 1371 Haec
320 1327 400 1387 quoe
416 1311 502 1370 vides
525 1327 598 1371 ossa
618 1311 833 1384 circumiecto]
851 1310 955 1384 nohis,
970 1326 1034 1370 ner-

58 1410 116 1454 vos
133 1402 163 1454 et
179 1395 342 1455 obductam
360 1402 459 1454 cutem
476 1395 653 1468 voltumque
668 1403 697 1453 et
714 1395 867 1453 ministras
885 1411 993 1454 manus
1009 1402 1038 1453 et

57 1485 160 1538 cetera
187 1478 299 1553 quibus
325 1479 451 1537 involuti
473 1495 594 1551 sumus,
622 1477 743 1560 vincula
763 1478 931 1537 animorum
954 1486 1036 1538 tene-

57 1562 193 1636 braeque
216 1570 295 1628 sunt.
329 1561 468 1623 ohruhur
487 1561 534 1622 his
555 1563 687 1634 animus,
716 1559 873 1631 effocatur,
896 1562 1035 1632 inlicitur,

58 1651 179 1704 arcetur
194 1663 213 1705 a
228 1647 308 1706 veris
326 1654 356 1708 et
374 1645 439 1706 suis
461 1646 490 1705 in
508 1647 585 1705 salsa
599 1644 765 1705 coniectus.
797 1661 886 1705 omne
907 1645 948 1706 illi
970 1660 1037 1705 cum

58 1729 117 1787 huc
140 1744 231 1788 carue
252 1746 344 1805 grave
359 1737 512 1791 certamen
528 1736 589 1803 est,
618 1736 656 1789 ne
680 1729 876 1789 abstrahatur
897 1735 927 1789 et
948 1729 1036 1790 sidat.

60 1812 160 1872 nititur
177 1813 243 1884 illo,
270 1815 351 1874 unde
369 1813 514 1874 dimissus
529 1823 585 1874 est.
618 1812 659 1873 ibi
674 1814 757 1873 illum
774 1819 898 1874 aeterno
912 1815 1037 1889 requies

59 1905 159 1957 manet
173 1913 190 1956 c
206 1897 344 1958 contusis
360 1897 537 1974 crassisque
554 1913 629 1973 pura
644 1905 673 1957 et
690 1896 806 1974 liquida
820 1899 979 1959 visentem.
1084 1907 1087 1914 '

121 1981 212 2040 XXV.
240 1982 371 2043 Proinde
397 1999 459 2041 non
484 1990 531 2042 est
556 1981 641 2058 quod
661 1983 702 2041 ad
723 1982 898 2058 sepulcrum
919 1980 972 2043 filii
993 1984 1063 2043 tuit

57 2081 180 2124 curras:
211 2067 347 2141 pessima
367 2067 433 2127 eius
456 2072 487 2126 et
508 2066 569 2142 ipsi
593 2065 811 2127 molestissima
834 2066 902 2126 istic
927 2065 1036 2140 iacent,

57 2166 133 2209 osso
154 2151 350 2226 cineresque,
381 2168 442 2211 non
468 2151 564 2225 magis
590 2152 671 2210 illius
692 2159 798 2227 partes
820 2167 911 2226 quarn
935 2157 1036 2210 vestes
1132 2210 1142 2221 ,

56 2234 179 2307 aliaque
205 2242 379 2310 tegumenta
405 2251 579 2309 corporum.
620 2235 740 2310 Integer
767 2234 817 2294 ille
843 2235 981 2309 nihilque
1006 2234 1036 2293 in

57 2318 144 2377 terris
170 2319 348 2394 relinquens
373 2323 422 2379 sui
441 2321 516 2394 fugit
537 2326 666 2379 et‘totus
691 2317 826 2379 excessit
849 2319 1036 2392 paulumque

55 2418 152 2475 supra
173 2417 230 2461 nos
253 2411 473 2477 commoratus,
495 2404 567 2462 dum
588 2409 777 2483 expurgatur
797 2411 828 2463 et
848 2401 1037 2462 inhaerentia

55 2485 129 2544 vitia
150 2484 302 2563 situmque
325 2504 445 2547 onmem
469 2488 604 2547 mortalis
626 2487 693 2546 aevi
710 2486 839 2559 excutit,
863 2486 974 2545 deinde
997 2488 1035 2545 ad

56 2568 182 2629 excelsa
197 2568 335 2631 sublatus
351 2572 429 2630 inter
443 2572 549 2631 felices
565 2574 657 2631 currit
670 2570 786 2629 animas
803 2569 938 2645 [excepit
952 2571 1036 2630 illum

57 2660 164 2713 coetus
181 2660 297 2727 sacer]‚
331 2652 494 2729 Scipiones
512 2656 720 2729 Catonesque,
742 2655 882 2729 interque
902 2661 1035 2713 contem-

56 2744 163 2811 ptores
187 2740 268 2797 vitae
294 2744 325 2798 ct
347 2738 453 2799 mortis
479 2739 630 2799 beneficio
656 2739 778 2797 liberos.
814 2738 928 2798 Parcus
956 2744 1067 2811 tuus,2

17 2829 19 2833 ’
55 2820 184 2892 Marcia,
211 2821 270 2880 illic
296 2829 438 2896 nepotem
464 2838 570 2893 suum,
600 2838 786 2899 quamquam
812 2820 872 2880 illic
893 2822 1035 2882 omnibus

56 2921 147 2966 omne
165 2913 329 2979 cognatum
350 2912 412 2980 cst,
433 2907 567 2983 adplicat
587 2907 646 2967 sihi
666 2922 748 2966 nova
764 2907 833 2965 luce
852 2900 1035 2979 gaudentem

56 2997 85 3049 et
106 2988 275 3049 vicinorum
297 2988 432 3049 siderum
452 2997 568 3051 meatus
590 2991 694 3060 docet,
723 3005 780 3049 nec
801 3005 840 3050 ex
862 2989 1036 3048 coniectura

56 3075 113 3133 sed
135 3073 268 3133 omnium
295 3089 335 3133 ex
354 3088 429 3136 vero
455 3075 571 3150 peritus
593 3074 622 3132 in
648 3089 760 3133 arcana
786 3082 912 3132 naturae
936 3072 1034 3153 libens

56 3158 148 3218 ducit.
171 3167 266 3234 utque
282 3160 452 3234 ignotarum
465 3157 586 3218 urbium
602 3165 787 3218 monstrator
802 3155 916 3231 hospiti
932 3158 1035 3231 graius

55 3249 118 3314 est,
143 3242 184 3303 ita
209 3242 375 3304 sciscitanti
399 3239 578 3305 coelestium
600 3258 711 3302 causas
734 3241 921 3301 domesticus
944 3241 1035 3310 inter-

55 3343 138 3401 pres.
168 3327 251 3387 iuvat
265 3328 345 3387 enim
364 3344 403 3387 ex
418 3329 477 3387 alto
491 3327 597 3386 relicto
616 3326 774 3400 respicere
791 3325 820 3384 el
836 3325 866 3384 in
882 3323 1034 3400 proiun'da

56 3426 204 3470 terrarum
220 3413 393 3486 permittere
408 3412 514 3471 aciem.
541 3408 595 3470 Sic
612 3408 714 3484 itaque
736 3416 780 3480 te,
803 3406 932 3481 Marcia,
953 3417 1065 3484 geres

56 3500 209 3568 tamquam
231 3497 406 3556 subuculis
428 3496 522 3570 patris
553 3493 658 3568 filique
686 3494 801 3570 posita,
827 3510 888 3554 non
915 3493 1033 3553 illorum
