2438 3968
200 231 240 294 52
489 231 522 294 L.
542 231 689 291 ANNAEI
712 230 887 291 SENECAE

198 387 359 448 Iracundia
390 385 463 446 nihil
495 386 626 460 amplum
660 385 867 458 decorumque
898 384 1031 445 molitur.
1081 395 1188 450 eontra

198 471 271 532 mihi
296 471 416 530 videtur
443 469 599 530 veternosi
621 477 650 528 et
676 468 805 528 infelicis
829 467 935 543 animi,
964 468 1187 533 imbecillitatis

199 556 257 616 sibi
279 554 418 628 conscia,
441 568 536 628 saepe
558 553 765 627 indolescere,
788 557 820 612 ut
840 553 1015 612 exulcerata
1039 559 1073 612 et
1094 570 1188 631 aegra

199 653 345 713 corpora,
380 653 459 712 quae
487 638 525 696 ad
551 643 650 696 tactus
683 635 857 696 levissimos
883 641 1017 710 gemunt.
1069 637 1118 699 lta
1147 640 1188 700 ira

198 723 342 783 muliebre
362 720 493 781 maxime
512 736 548 780 ac
569 720 684 795 puerile
705 720 808 779 vitium
829 726 885 780 est.
926 727 957 781 at
975 719 1087 781 incidit
1108 722 1187 784 etin

199 807 292 866 viros.
318 820 387 865 nam
402 804 476 864 viris
498 819 622 879 quoque
644 804 772 878 puerilia
786 818 823 862 ac
837 802 996 863 muliebria
1010 812 1088 866 sunt
1104 805 1186 882 inge

171 890 260 954 tnia.
290 889 366 964 Quid
389 895 485 963 ergot
505 904 566 947 non
587 887 708 963 aliquae
728 902 822 947 voces
844 886 882 945 ab
904 887 989 947 iratis
1006 889 1187 953 emittuntur

200 989 280 1050 quae
294 989 405 1046 magno
421 973 553 1032 emissae
567 971 727 1031 videantur
741 970 841 1030 animo
853 986 957 1031 veram
969 971 1185 1046 ignorantibus

200 1056 458 1132 magnitudincmt
475 1056 574 1130 qualis
589 1054 639 1114 illa
652 1055 718 1115 dira
729 1061 759 1114 et
770 1055 987 1114 abominanda=
1003 1054 1184 1133 Oderint,

201 1143 283 1201 dum
305 1145 484 1200 metuant.
517 1138 641 1200 Sullano
663 1140 744 1199 scias
759 1141 864 1198 seculo
879 1138 1037 1213 scriptam.
1072 1140 1182 1204 Nescio

200 1232 300 1284 uuum
325 1223 383 1283 sibi
410 1223 497 1296 peius
518 1222 681 1298 optaverit,
707 1229 739 1282 ut
760 1221 830 1283 odio
851 1230 935 1282 esset
955 1239 993 1281 an
1015 1232 1051 1285 ut
1074 1224 1182 1287 timori.

202 1306 372 1368 Oderint.
403 1305 539 1368 Occurrit
553 1307 594 1365 illi
609 1306 756 1378 tutorum,
771 1313 804 1364 ut
818 1313 1013 1380 execrentur,
1037 1307 1181 1371 insidien
1218 1369 1219 1388 1

200 1400 262 1465 tur,
284 1391 466 1467 opprimant.
499 1391 575 1465 Quid
596 1389 727 1450 adiecit?
747 1391 784 1450 Di
803 1391 842 1448 illi
859 1390 1083 1466 malefaciant,
1108 1393 1179 1455 adeo
1218 1405 1219 1412 ’

200 1476 314 1551 reperit
334 1477 457 1550 dignum
484 1476 554 1535 odio
576 1475 751 1534 remedium.
788 1472 961 1534 Oderint:
991 1475 1093 1550 quidt
1115 1478 1180 1538 dun
1217 1483 1219 1502 ¹

202 1567 348 1636 pareant?
368 1576 440 1620 non.
469 1560 540 1620 dum
561 1559 712 1633 probent?
725 1573 796 1618 non.
827 1557 901 1632 qnid
915 1564 1008 1631 ergot
1030 1559 1120 1619 dnm
1139 1561 1179 1620 ti·

172 1653 339 1709 timeant:
354 1644 400 1703 sic
414 1659 471 1703 nec
486 1643 579 1703 amari
592 1643 715 1718 quidem
726 1642 844 1701 vellem.
866 1640 977 1716 Magno
992 1641 1056 1702 hoc
1070 1643 1179 1707 dictum

201 1728 307 1800 spiritu
323 1734 435 1801 putas?
456 1727 578 1786 falleris.
607 1742 665 1785 nee
680 1726 759 1786 enlm
774 1725 948 1799 magnitudo
964 1725 1023 1785 ista
1039 1736 1107 1803 est,
1130 1728 1178 1791 sed

201 1811 370 1870 inmanitas.
393 1810 458 1869 Non
474 1818 521 1869 cst
536 1810 620 1885 quod
635 1811 743 1868 credas
758 1808 952 1870 irascentium
967 1810 1092 1887 verbis,
1109 1829 1177 1889 quo

201 1909 267 1953 rum
288 1893 431 1967 strepitus
453 1893 568 1966 magni,
588 1894 722 1951 minaces
738 1902 822 1965 sunt,
844 1894 922 1952 intra
941 1909 1029 1954 mens
1043 1896 1177 1970 pavidis

171 1990 189 2044 s
202 1977 287 2036 sima.
308 1977 370 2034 Nec
385 1984 432 2035 est
447 1976 530 2051 quod
544 1976 699 2036 existimes
715 1993 819 2036 verum
835 1991 915 2048 esse,
934 1977 1019 2052 quod
1036 1981 1127 2054 apud
1141 1980 1177 2043 di·

201 2060 402 2119 sertissimum
416 2060 513 2119 virum
528 2057 644 2118 Livium
661 2060 768 2119 dieitur
781 2063 828 2121 vir
840 2065 953 2135 tepenti
966 2066 1075 2137 magni
1089 2067 1178 2140 saepit

201 2159 289 2219 quom
300 2145 376 2206 boni.
388 2144 453 2202 Non
466 2151 568 2218 potest
578 2144 650 2202 illud
662 2144 813 2219 separaris
827 2153 879 2205 aut
890 2153 920 2206 et
930 2146 1046 2206 bonum
1059 2149 1123 2209 erit
1135 2155 1178 2210 aut

201 2242 258 2287 nec
279 2244 434 2303 magnum,
456 2225 526 2302 quia
547 2227 781 2302 magnitudinem
798 2228 887 2290 animi
902 2230 1129 2293 inconcussam
1141 2232 1177 2293 in

200 2312 310 2386 tellego
332 2318 361 2372 et
376 2311 526 2372 introrsus
547 2311 675 2372 solidam
691 2320 721 2372 et
740 2311 778 2371 ab
792 2313 852 2372 imo
868 2329 972 2388 parem
987 2312 1178 2394 firmamque,

173 2396 299 2469 pqualis
320 2395 424 2456 inesse
444 2394 531 2455 matis
552 2396 681 2470 ingeniis
703 2411 763 2454 non
785 2405 894 2470 potest.
926 2396 1090 2460 Terribilia
1106 2401 1177 2463 enin

202 2495 273 2540 esse
285 2486 314 2540 et
325 2482 509 2540 tumultuosa
523 2487 552 2538 et
563 2479 692 2540 exitiosa
704 2488 848 2555 possunt:
864 2481 1109 2555 magnitudinem
1121 2484 1177 2562 qui

203 2563 287 2637 dem,
308 2563 395 2625 cuius
415 2564 635 2623 firmamentum
656 2564 811 2639 roburque
825 2564 945 2625 bonitas
962 2573 1025 2638 est,
1049 2583 1118 2629 non
1132 2570 1177 2629 ht·

202 2646 324 2707 bebunt.
353 2656 485 2708 ceterum
507 2662 663 2720 sermone,
685 2656 795 2708 conatu
816 2656 847 2708 et
867 2649 947 2707 omni
969 2657 1059 2710 extra
1074 2660 1178 2728 parato

175 2728 313 2799 glacient
326 2731 541 2806 magnitudinis
555 2731 656 2792 tidem.
689 2734 868 2807 eloquentur
882 2732 1012 2806 aliquid,
1039 2738 1133 2809 quod
1152 2746 1179 2797 tu

203 2812 304 2884 magni
320 2821 424 2887 putes,
440 2813 519 2875 sicut
534 2814 564 2874 O.
582 2815 707 2889 Cacsar,
729 2814 781 2891 qui
795 2816 889 2875 iratus
905 2818 1007 2887 coelo,
1025 2822 1119 2893 quod
1133 2822 1179 2882 ob

202 2901 386 2968 streperetur
400 2898 608 2973 pantomimis,
624 2916 702 2972 quos
718 2899 887 2959 imitabatur
901 2899 1074 2964 studiosius
1093 2918 1179 2982 quan

202 2979 373 3053 spectabat,
396 2983 540 3056 quodque
555 2981 736 3042 comessatio
752 2999 808 3042 sua
824 2982 999 3043 fulminibus
1015 2991 1180 3051 terreretur

202 3078 330 3136 prorsus
345 3079 450 3139 parum
467 3065 571 3136 certis,
592 3065 630 3124 ad
654 3082 784 3140 pugnam
806 3067 928 3127 vocavit
945 3066 1053 3128 lovem
1072 3080 1108 3135 et
1121 3072 1179 3151 qut·

203 3145 271 3203 dem
288 3144 354 3207 sine
369 3146 528 3219 missione,
543 3149 734 3208 Homericum
755 3149 836 3209 illum
853 3153 1030 3212 exclamans
1045 3169 1179 3231 versmn,

496 3225 539 3290 Ἥ
548 3223 576 3308 μ’
592 3222 701 3310 ἀνάειρ’
716 3224 736 3310 ἢ
751 3224 806 3311 ἐγώ
822 3232 861 3293 σε’.

175 3308 320 3383 OQuanta
339 3312 488 3374 dementia
502 3315 571 3375 tuit!
592 3316 706 3387 putavit
722 3323 774 3377 aut
793 3318 850 3377 sibi
871 3318 975 3378 noceri
995 3335 1037 3382 ne
1053 3322 1097 3383 ab
1113 3326 1179 3388 lost

205 3393 325 3466 (quidem
341 3411 435 3468 posse
449 3405 501 3457 aut
515 3414 549 3459 se
564 3412 676 3458 nocere
691 3401 780 3459 etiam
796 3401 860 3461 lovi
882 3417 986 3476 posse.
1020 3421 1089 3467 non
1113 3416 1178 3487 pult

203 3491 308 3551 patum
329 3482 469 3539 momenti
490 3481 568 3542 hane
589 3481 655 3542 eius
674 3498 781 3543 vocem
796 3484 833 3543 ad
851 3485 1022 3548 incitandas
1038 3495 1177 3555 eoninrtr
