2438 3968
127 234 173 298 30
212 234 316 305 illata
332 233 369 293 ll.
396 231 650 297 abstinentur
663 230 737 290 NEC
751 230 932 292 utttlttlatt
943 230 1019 290 NEC

129 401 232 455 emere
246 381 375 445 venalia.
396 385 451 443 lllo
462 381 564 458 pusilli
576 382 668 442 animi
679 388 737 452 111,
755 382 880 457 1111111
895 384 1004 458 placet,
1020 384 1110 459 quod

131 470 256 540 callario
271 469 365 529 libere
378 467 552 542 respondit,
578 467 661 541 quod
675 465 792 540 virgam
805 467 874 528 eius
887 467 991 542 lregit,
1020 469 1109 542 quod

130 557 171 616 ad
183 555 338 616 dominum
352 550 485 612 accessit
504 557 535 610 et
553 550 640 625 petiit
658 551 784 611 corium.
819 550 1114 613 11111111111111·ε

101 640 207 703 trium
222 637 274 713 quui
288 635 452 708 contendit,
467 641 544 695 elul
556 634 666 705 vineat,
682 633 815 710 perluit
838 637 898 708 „At
910 635 1038 710 sapiens
1053 651 1114 696 11·

130 722 232 799 taphis
255 736 424 797 percussus
444 718 673 793 111111111111ιι
702 719 786 794 quod
801 718 890 792 Cato,
916 736 985 779 cum
1006 719 1049 778 illi
1070 736 1114 781 11

130 821 313 883 percussum
328 810 427 866 esseta
442 818 503 863 uon
517 801 689 876 excanduit,
704 819 766 863 non
779 802 946 864 vindicavit
958 802 1114 877 iniurium,

130 907 171 953 ue
182 889 299 950 remisit
311 888 443 964 quidem,
459 886 517 947 sed
530 888 640 946 lectam
654 887 790 960 negavitz
804 886 1031 947 maiomenimo
1045 903 1114 948 nom

101 974 258 1050 taguovit
276 988 369 1047 quam
388 969 568 1046 ignovisset
608 970 674 1030 Non
694 971 748 1030 diu
767 971 797 1030 iu
817 970 877 1031 hoc
897 971 1113 1032 haerebimus:

133 1059 202 1135 quis
216 1056 297 1118 enim
312 1055 410 1114 nescit
422 1054 496 1114 nihil
510 1070 550 1114 ex
568 1054 632 1128 bis,
658 1070 738 1129 quae
762 1055 1033 1115 eredunturmala
1058 1062 1112 1115 aut

132 1143 223 1213 bona,
238 1141 280 1201 111
292 1139 391 1199 videri
407 1137 538 1212 sapienti
553 1145 587 1198 ut
600 1139 764 1199 omnibust
797 1154 860 1199 non
873 1138 1016 1215 respicit,
1032 1139 1114 1213 quid

131 1225 271 1287 homines
284 1232 374 1297 turpe
387 1222 521 1283 iudicent
533 1228 586 1282 aut
598 1223 752 1282 miserum
773 1237 835 1282 non
850 1223 949 1298 itque
963 1224 1115 1297 populus,=

133 1309 191 1370 sed
204 1316 238 1368 ul
251 1307 353 1367 sidere
365 1304 549 1373 contrarium
563 1307 676 1366 mundo
687 1307 745 1366 iter
755 1306 923 1379 intendunt,
934 1305 975 1366 ita
989 1305 1041 1365 hic
1054 1307 1115 1366 ad·

131 1407 243 1453 uersus
257 1391 431 1467 opinionem
446 1391 580 1450 omnium
595 1390 686 1450 vadit.

105 1489 122 1543 1
192 1476 259 1538 XV.
290 1473 427 1536 Desinite
451 1474 554 1549 itaque
573 1474 691 1535 dicerez
715 1473 803 1547 „Non
823 1474 953 1550 accipiet
969 1490 1045 1549 ergo
1059 1490 1116 1535 sas

77 1627 80 1638 ,
133 1560 390 1638 eleusiniorum,
418 1558 447 1618 11
461 1559 620 1631 caedetur,
648 1559 675 1619 11
695 1559 803 1619 oculus
817 1557 860 1618 illi
874 1565 1019 1619 erueturt
1046 1574 1115 1619 nou

133 1646 263 1722 accipiet
279 1644 509 1716 contumellam,
537 1643 565 1703 si
584 1643 807 1704 obscoenorum
826 1643 956 1703 vocibus
969 1642 1116 1718 inprobis

134 1746 190 1805 per
211 1730 308 1788 lorum
330 1733 456 1802 ageturt
489 1728 565 1787 siin
588 1725 728 1787 convivio
742 1728 825 1802 regis
839 1727 1018 1787 recumbere
1031 1726 1116 1787 inira·

134 1828 271 1872 mensam
287 1811 434 1885 vescique
448 1825 517 1869 eum
534 1811 633 1870 servis
648 1811 852 1884 ignominiosa
872 1810 974 1871 officia
993 1811 1114 1872 sortitis

135 1895 307 1957 iubebitura
337 1892 367 1954 11
381 1894 456 1968 quid
471 1893 553 1953 ahud
568 1895 647 1952 terre
661 1901 787 1968 cogetur
800 1909 907 1954 eorum
922 1909 1002 1970 quae
1016 1909 1113 1955 exco-

106 1978 223 2056 ggitari
243 1977 354 2053 pudori
376 1977 509 2052 ingenuo
530 1978 658 2036 molesta
678 1984 856 2051 possuntn‘
897 1977 930 2036 ln
951 1985 1112 2052 quantum·

137 2077 268 2137 cumque
282 2062 341 2121 ista
355 2062 405 2120 vel
420 2075 547 2121 numero
561 2061 610 2119 vel
625 2062 831 2135 magnitudine
845 2061 1008 2134 creverint,
1031 2062 1117 2124 eius-

137 2148 207 2208 dem
221 2151 349 2207 naturae
362 2152 467 2205 erunt:
493 2144 520 2204 si
533 2161 595 2205 uon
609 2152 734 2219 tangent
746 2146 829 2206 illum
850 2162 962 2221 parva,
987 2161 1027 2205 ne
1046 2163 1114 2207 ma-

136 2234 203 2292 iora
223 2230 357 2306 quidem.
391 2230 501 2291 sinon
522 2236 646 2304 tangent
664 2246 780 2305 pauca,
808 2245 848 2290 ne
868 2231 957 2306 plura
976 2229 1117 2304 quidem.

136 2316 194 2376 sed
217 2331 258 2376 ex
283 2311 477 2374 inbecillitate
502 2321 604 2375 vestra
628 2314 833 2374 coniecturam
857 2314 966 2389 eapitis
980 2315 1118 2389 ingentis

136 2399 237 2474 animi,
252 2408 366 2461 etcum
380 2396 552 2472 cogitastis,
568 2407 716 2474 quantum
730 2400 843 2474 putetis
856 2414 914 2458 vos
929 2398 992 2473 pati
1006 2414 1116 2476 posse,

137 2483 285 2559 sapientis
310 2482 473 2559 patientiae
497 2484 588 2557 paulo
609 2483 781 2543 ulteriorem
802 2483 961 2544 terminum
982 2482 1116 2557 ponitise

137 2569 268 2629 utillum
288 2568 317 2626 in
340 2568 407 2629 aliis
426 2567 531 2627 mundi
551 2566 663 2627 finibus
683 2583 740 2626 sua
754 2567 850 2628 virtus
866 2567 1027 2626 collocavit
1039 2567 1119 2627 nihil

109 2651 296 2718 euobiscum
312 2666 473 2713 commune
487 2651 657 2711 habentem.
690 2650 790 2724 Quare
804 2659 835 2712 et
849 2666 961 2726 aspera
974 2658 1005 2710 et
1018 2666 1118 2726 quae·

138 2751 270 2810 cumque
291 2735 421 2797 toleratu
442 2736 547 2810 gravia
567 2742 639 2795 sunt
652 2734 818 2810 audituque
833 2741 864 2795 et
877 2735 946 2794 visu
959 2736 1117 2809 refugien-

138 2819 187 2889 da,
199 2851 244 2863 -
257 2835 318 2878 non
334 2819 479 2879 obruetur
494 2834 599 2879 eorum
614 2827 702 2880 coetu
717 2827 748 2879 et
762 2820 860 2895 qualis
876 2817 1021 2893 singulis,
1042 2820 1118 2881 talis

137 2902 290 2964 universis
303 2903 440 2964 obsistet
470 2903 522 2979 qui
537 2904 611 2964 dicit
623 2903 697 2963 illud
711 2903 869 2964 tolerabile
882 2903 1023 2978 sapienti,
1036 2901 1118 2963 illud

138 2984 342 3059 intolerabile,
363 2994 394 3047 et
410 2987 500 3047 animi
514 2986 752 3063 magnitudinem
765 2987 844 3047 intra
859 2994 960 3048 certos
975 2987 1055 3048 llnes
1070 2995 1116 3047 te-

109 3077 198 3142 tnet,
214 3071 292 3130 mule
307 3071 383 3144 agia
403 3072 497 3132 vincit
510 3088 568 3132 nos
584 3072 720 3143 furtum,
742 3072 801 3131 nisi
819 3079 881 3132 tota
905 3070 1041 3131 vincitur.
1071 3071 1120 3130 Ne

138 3160 226 3228 putes
241 3154 330 3214 islam
347 3154 480 3216 Stoicam
494 3171 566 3216 esse
581 3155 734 3226 duritiam,
753 3153 921 3230 Epicurus,
944 3171 1034 3231 quem
1054 3170 1119 3215 vos

139 3244 300 3313 pauonum
314 3238 439 3299 inertiae
453 3247 574 3300 vestrae
586 3239 746 3299 adsumitis
761 3240 935 3314 putatisque
954 3239 1057 3299 mollia
1078 3254 1121 3299 ac

139 3319 297 3383 desidiosa
303 3322 483 3397 praecipere
496 3331 527 3384 et
540 3323 577 3382 ad
587 3323 759 3397 voluptates
767 3323 922 3384 ducentia:
938 3338 1044 3398 „raro
1053 3369 1061 3395 ,
1071 3324 1120 3382 in-

139 3405 1119 3482 quitlortunasapientiintervenil.“uuampaeneemi·

139 3488 368 3553 cltvinvocemt
388 3489 445 3552 Vis
458 3492 606 3552 tulortius
619 3491 703 3568 loqui
719 3500 749 3552 et
762 3491 843 3552 illam
858 3507 897 3551 ex
911 3499 975 3552 toto
990 3491 1123 3552 submo-

146 3664 286 3720 A
