2438 3968
245 225 345 285 DIAL.
361 227 399 284 V.
428 226 479 286 DE
493 227 560 286 IRA
576 227 647 286 LlB.
661 227 710 285 lll.
724 235 845 290 31—34.
971 227 1035 291 105

62 378 140 438 haec
167 385 215 439 est
234 377 383 453 sanguine
404 385 509 440 nostro
531 378 672 438 delibuta.
710 386 833 452 propter
858 379 936 439 hanc
956 397 1032 441 uxo-

63 480 130 522 rum
154 463 390 538 maritorumque
410 469 517 523 noctes
537 468 676 536 strepunt
700 462 801 521 litibus
823 467 854 522 et
874 463 1034 524 tribunalia

63 546 292 621 magistratuum
307 547 416 622 premit
429 546 525 619 turba,
541 560 630 619 reges
647 546 786 605 saeviunt
800 545 983 622 rapiuntque
1002 555 1032 607 ct

63 630 200 690 civitates
216 631 306 704 longo
323 631 495 690 seculorum
512 630 616 689 labore
632 635 822 689 constructas
838 639 984 702 evertunt,
1000 640 1032 692 ut

62 731 169 774 aurum
185 722 404 788 argentumque
420 715 451 772 in
472 713 573 772 cinere
600 713 717 773 urbium
739 720 919 773 scrutentur.
947 714 1065 779 Libeta

62 797 170 858 intueri
191 798 286 857 fiscos
306 798 335 857 in
356 798 467 872 angulo
487 798 636 857 iacentes:
665 797 695 856 lri
716 802 788 858 sunt
807 804 932 872 propter
953 815 1031 871 quos

62 882 143 942 oculi
160 882 291 940 clamore
313 882 528 955 exprimantur,
550 880 668 940 fremitu
687 881 866 942 iudiciorum
887 881 1031 941 basilicae

61 972 216 1038 resonent,
237 966 355 1024 evocati
371 981 409 1024 ex
424 965 598 1038 longinquis
619 964 794 1040 regionibus
809 964 926 1024 iudices
943 965 1031 1024 sede-

61 1058 114 1109 ant
127 1048 300 1119 iudicaturi,
321 1048 417 1109 utrius
435 1048 542 1109 iustior
556 1049 681 1109 avaritia
698 1050 746 1108 sit.
776 1049 850 1122 Quid
867 1049 894 1108 si
908 1065 947 1108 ne
963 1062 1065 1123 pro-3

62 1140 130 1208 pter
140 1131 248 1191 fiscum
261 1133 391 1206 quidem,
400 1133 456 1192 sed
464 1148 598 1207 pugnum
605 1133 685 1193 aeris
697 1139 748 1193 aut
759 1133 926 1209 inputatum
938 1148 956 1191 a
968 1148 1031 1192 ser-

63 1233 101 1275 vo
118 1216 274 1277 denarium
296 1232 392 1276 senex
414 1217 480 1277 sine
501 1216 614 1276 herede
632 1217 793 1277 moriturus
814 1217 971 1278 stomacho
987 1216 1030 1275 di-

60 1300 232 1374 rumpitur?
261 1301 333 1374 quid
354 1300 379 1359 si
397 1308 521 1375 propter
535 1302 681 1360 usuram*
698 1308 749 1360 aut
768 1301 966 1360 milensimam
981 1317 1032 1359 va-

61 1384 251 1445 litudinarios
268 1385 419 1444 fenerator
430 1382 564 1444 distortis
581 1385 710 1457 pedibus
722 1392 751 1444 et
763 1384 948 1444 manibusad
959 1401 1031 1444 con·

62 1469 232 1543 parendum
253 1485 314 1527 non
334 1475 462 1528 retentus
485 1469 647 1526 clamatae
670 1485 724 1540 per
745 1467 917 1528 vadimonia
943 1483 1031 1528 asses

61 1567 137 1612 suos
154 1552 182 1609 in
199 1552 275 1626 ipsis
289 1551 386 1610 morbi
401 1551 631 1610 accessionibus
646 1551 798 1610 vindicat?
813 1549 845 1610 Si
861 1551 1067 1612 totammihil
1165 1563 1167 1568 ’

62 1652 101 1694 ex
116 1635 255 1695 omnibus
272 1635 409 1707 metallis
426 1649 588 1709 quaecum
604 1634 734 1693 maxime
751 1635 955 1709 deprimimus
977 1650 1029 1709 pe-

62 1720 181 1778 cuniam
190 1720 337 1794 proleraS,
354 1717 380 1778 si
395 1719 425 1777 in
441 1717 572 1777 medium
587 1717 720 1791 proicias
736 1718 882 1794 quicquid
896 1717 1029 1779 thesauri

62 1803 298 1876 teguntavaritia
310 1802 416 1862 iterum
426 1802 483 1862 sub
491 1809 587 1861 terras
595 1803 753 1875 referente,
762 1817 840 1876 quae
852 1804 929 1861 male
942 1817 1028 1876 eges-

61 1894 158 1946 serat:
179 1886 397 1948 omnemistam
413 1886 586 1960 congeriem
602 1902 662 1946 non
685 1892 786 1960 putem
807 1885 928 1961 dignam
949 1903 1029 1962 quae

61 1972 189 2030 frontem
209 1970 264 2030 viri
286 1970 359 2031 boni
378 1970 543 2031 contrahat.
584 1969 700 2042 Quanto
721 1970 786 2031 risu
812 1971 1029 2045 prosequenda

60 2064 131 2115 sunt
146 2071 224 2129 quae
242 2056 331 2115 nobis
346 2055 486 2114 lacrimas
502 2054 654 2114 educunt?

119 2139 251 2198 XlleV.
282 2139 362 2201 Cedo
379 2154 467 2211 nunc,
485 2153 671 2213 persequere
687 2146 797 2211 cetera,
820 2140 914 2211 cibos,
932 2140 1028 2214 potio2
1045 2155 1060 2206 l

61 2239 116 2282 nes
128 2222 297 2298 horumque
307 2239 401 2283 causa
415 2230 549 2297 paratam
562 2223 762 2293 ambitionem,
778 2224 948 2299 munditias¹
963 2239 1028 2282 ver·

59 2308 115 2379 ba,
137 2307 349 2381 contumeliaS,
371 2313 470 2366 motus
488 2322 649 2380 corporum
664 2322 771 2381 parum
793 2307 980 2369 honorificos
1001 2314 1030 2367 et

60 2390 265 2464 suspiciones,
281 2397 311 2449 et
321 2389 509 2450 contumacia
524 2389 654 2449 iumenta
669 2398 698 2449 et
712 2391 798 2465 pigra
811 2391 970 2464 mancipia,
985 2389 1029 2449 in-

61 2475 292 2547 terpretationes
308 2474 454 2550 malignas
470 2473 555 2534 vocis
571 2473 696 2543 alienae,
719 2473 828 2548 quibus
844 2474 982 2547 allicitur,
997 2482 1030 2534 ut

59 2558 138 2618 inter
158 2556 282 2617 iniurias
305 2559 452 2636 [naturae]
472 2564 646 2618 numeretur
666 2573 767 2617 sermo
788 2556 903 2619 homini
923 2558 1028 2617 datus:

59 2640 152 2701 crede
168 2640 247 2711 milri,
263 2641 342 2701 levia
356 2649 427 2701 sunt
437 2647 562 2716 propter
579 2656 658 2716 quae
674 2658 735 2701 non
750 2641 857 2701 leviter
877 2642 1027 2701 excande-

58 2725 183 2794 scimus,
200 2727 300 2799 qualia
308 2741 386 2800 quae
396 2741 509 2799 pueros
524 2724 553 2785 in
570 2725 667 2784 rixam
681 2734 711 2785 et
725 2725 853 2800 iurgium
868 2726 1027 2787 concitant.

57 2807 138 2868 Nihil
156 2824 195 2866 ex
216 2809 262 2867 his
286 2824 365 2883 quae
384 2818 444 2869 tam
464 2809 566 2868 tristes
587 2809 720 2882 agimus,
742 2809 854 2869 serium
875 2818 936 2881 est,
957 2810 1062 2869 nihile

58 2908 216 2966 magnum:
232 2893 311 2965 inde,
323 2893 455 2966 inquam,
470 2893 559 2954 vobis
570 2893 615 2951 ira
629 2900 659 2951 et
672 2894 789 2952 insania
801 2902 856 2967 est,
870 2895 953 2970 quod
964 2894 1027 2952 exi·-

57 2992 120 3050 gua
135 2991 245 3050 magno
260 2976 435 3036 aestimatis.
468 2979 598 3037 Auferre
613 2976 662 3036 hic
677 2977 747 3036 mihi
763 2978 957 3037 hereditatem
972 2994 1026 3038 vo·

57 3059 122 3120 luit.
153 3060 201 3119 hie
222 3076 270 3118 me
284 3061 336 3119 diu
349 3061 379 3119 in
395 3076 482 3136 spem
496 3077 670 3135 supremam
686 3060 869 3135 captatus**
889 3060 1026 3120 crimina-

57 3155 108 3206 tus
128 3153 183 3204 est.
212 3144 261 3203 hic
282 3151 415 3205 scortum
436 3161 535 3205 meum
552 3145 735 3218 concupivit.
767 3144 853 3217 Quod
875 3144 1059 3211 vinculum3

57 3229 171 3288 amoris
187 3245 258 3289 esse
270 3229 408 3302 debebat,
424 3228 581 3289 seditionis
596 3228 755 3302 atqneodii
769 3243 862 3288 causa
876 3234 932 3300 est
947 3228 1026 3287 idem

58 3313 146 3371 velle.
172 3314 231 3372 lter
242 3321 405 3387 angustum
419 3314 501 3371 rixas
513 3313 730 3372 transeuntium
746 3312 892 3374 concitat:
914 3309 1027 3372 diffusa

56 3404 88 3455 et
106 3397 164 3454 late
181 3405 288 3470 patens
304 3397 406 3456 viane
423 3400 553 3471 populos
570 3395 692 3471 quidem
707 3396 828 3456 collidit.
863 3398 925 3456 lsta
947 3411 1025 3470 quae

55 3479 211 3552 adpetitis,
234 3481 305 3555 quia
321 3482 430 3554 exigua
445 3489 515 3540 suut
533 3497 588 3539 nec
609 3488 741 3554 possunt
760 3481 799 3539 ad
820 3483 947 3541 alterum
969 3479 1027 3537 nisi
