2438 3968
130 222 194 286 232
326 224 358 283 L.
381 224 527 284 ΑΝΝΑΕΙ
547 223 721 284 SENECAE
742 225 845 284 DlAL.
858 224 909 283 xi.

133 377 253 450 tulerat,
274 377 394 437 tribuno
411 391 537 452 quoque
552 377 651 451 plebis
667 378 801 451 privatus
824 377 1011 439 intercessitz
1043 386 1103 438 taor

132 476 243 535 magno
260 468 358 521 tamen
373 461 493 520 tratrem
505 460 691 520 desideravit
701 460 750 521 hic
761 463 877 534 animo,
894 477 985 536 quam
996 461 1103 520 deien-

101 544 226 604 5dcrat.
244 543 321 617 Quid
332 546 461 603 referam
468 546 669 604 Aemilianum
677 544 860 619 Scipionem,
869 546 922 620 qui
932 561 995 605 uno
1004 560 1104 620 paene

132 627 304 702 eodemque
324 635 461 703 tempore
481 629 632 702 spectavit
648 629 741 703 patris
758 629 943 703 triumphum
958 629 1099 688 duorum·

133 727 193 786 que
214 713 337 772 fratrum
358 713 486 771 superae
512 713 758 772 adulescentulus
773 721 872 774 tamen
888 728 924 771 ac
938 728 1101 787 propemo-

131 796 204 855 dum
233 811 310 872 pucr
337 802 420 856 tanto
445 795 545 856 animo
572 796 639 856 tulit
657 796 738 856 illam
758 796 888 856 familiae
909 811 986 856 suae
1008 810 1104 870 super

132 879 233 954 ipsum
254 878 339 938 Pauli
359 879 543 953 triumphum
564 879 752 940 concidentis
773 880 902 941 subitam
921 881 1102 950 vastitatem,

133 969 247 1038 quanto
269 962 373 1023 debuit
393 964 472 1021 icrre
491 963 539 1020 vir
558 963 588 1021 io
608 962 667 1022 hoc
684 971 790 1037 natus,
812 979 851 1022 ne
865 963 930 1022 urbi
946 965 1103 1023 Romanae

133 1055 184 1107 aut
199 1045 303 1120 Scipio
319 1046 444 1107 deesset
458 1054 510 1106 aut
524 1045 672 1121 carthago
688 1054 875 1122 superesset.

107 1138 120 1190 1
193 1129 260 1190 XV.
277 1129 343 1206 [34]
360 1128 436 1204 Quid
446 1131 712 1190 reicramduorum
719 1131 913 1192 Lucullorum
920 1129 1103 1205 diremptam

132 1219 230 1274 morte
245 1213 463 1274 concordiam?
484 1215 557 1289 quid
571 1213 757 1289 Pompeios?
778 1215 889 1290 quibus
904 1228 943 1273 nc
957 1214 1019 1274 hoc
1036 1213 1102 1289 qui-

132 1297 203 1358 dem
223 1298 365 1358 saeviens
382 1298 504 1373 reliquit
523 1299 657 1372 fortuna,
678 1305 712 1359 ut
730 1316 792 1358 una
813 1298 944 1372 denique
959 1298 1100 1357 concide·

132 1387 200 1441 rent
215 1381 316 1440 ruina:
339 1381 415 1441 vixit
429 1380 541 1441 Sextus
555 1381 720 1457 Pompeius
737 1383 864 1457 primum
879 1382 978 1442 sorori
993 1397 1104 1455 supcr-

133 1472 217 1538 stes,
246 1466 333 1526 cuius
358 1474 455 1525 morte
479 1465 592 1539 optime
620 1466 810 1527 cohaerentis
833 1466 991 1525 Romanae
1017 1465 1103 1539 pacis

131 1550 255 1609 vincula
267 1551 403 1610 resoluta
414 1556 494 1609 sunt.
517 1549 659 1624 idemque
670 1549 719 1607 hic
729 1550 805 1610 vixit
816 1555 974 1624 superstes
987 1549 1103 1622 optimo

133 1632 231 1705 tratri,
251 1649 341 1709 quem
362 1633 483 1694 fortuna
500 1631 532 1690 in
546 1632 605 1692 hoc
619 1641 772 1706 erexerat,
791 1648 831 1692 ne
844 1633 944 1693 minus
960 1633 1020 1692 alte
1036 1647 1104 1691 eum

133 1716 281 1791 deiceret,
311 1733 401 1792 quam
428 1724 542 1791 patrem
568 1716 728 1776 deiecerat.
758 1724 789 1777 et
810 1716 982 1791 posthunc
1002 1722 1103 1776 tamen

134 1815 240 1858 casum
261 1799 373 1860 Sextus
393 1799 557 1875 Pompeius
577 1818 638 1861 non
659 1808 773 1860 tantum
793 1801 906 1871 dolori,
935 1800 991 1859 sed
1013 1799 1104 1858 ctiam

102 1883 213 1942 2bello
231 1882 361 1944 suffecit.
392 1884 625 1944 innumerabilia
639 1885 773 1958 undique
789 1886 929 1959 exempla
944 1890 1104 1957 separato·

132 1981 199 2025 rum
215 1973 310 2025 morte
325 1967 449 2027 fratrum
464 1977 658 2028 succurrunt:
679 1967 769 2027 immo
786 1976 892 2028 contra
903 1968 953 2027 vix
965 1968 1028 2028 ulla
1040 1982 1103 2027 um-

133 2066 224 2125 quam
244 2050 353 2110 horum
369 2051 455 2124 paria
469 2059 636 2125 conspecta
650 2059 796 2113 suntuna
811 2051 1013 2112 senescentia.
1048 2051 1105 2110 scd

133 2141 294 2195 contentus
314 2141 438 2195 nostrae
457 2136 565 2194 domus
580 2136 728 2210 exemplis
744 2151 807 2196 ero.
844 2151 932 2195 nemo
948 2134 1029 2194 enim
1045 2142 1106 2195 tam

133 2234 246 2294 expers
261 2219 318 2279 erit
332 2233 443 2278 sensus
459 2233 495 2278 ac
510 2219 661 2289 sanitatiS,
683 2227 716 2279 ut
730 2221 880 2279 fortunam
894 2219 946 2278 ulii
959 2226 1107 2294 queratur

133 2304 246 2364 luctum
258 2303 405 2374 intulisse,
419 2318 509 2378 quam
520 2303 595 2362 sciet
606 2304 695 2363 ctiam
707 2303 871 2364 Caesarum
882 2303 1023 2363 lacrimas
1033 2318 1105 2362 con-

103 2388 267 2461 scupisse.
296 2387 391 2447 Divus
406 2389 564 2462 Augustus
579 2387 679 2447 amisit
691 2385 844 2448 Octaviam
860 2401 998 2449 sororem
1010 2387 1105 2445 caris-

134 2472 241 2532 simam
257 2478 286 2531 et
300 2488 339 2531 nc
354 2471 382 2530 ei
394 2471 516 2545 quidem
526 2486 626 2529 rerum
638 2479 746 2530 natura
756 2470 880 2546 lugendi
889 2469 1107 2530 necessitatem

134 2554 272 2629 abstulit,
291 2556 340 2616 cui
356 2558 474 2616 coelum
490 2554 711 2614 destinaverat:
734 2556 824 2614 immo
841 2570 914 2614 vero
930 2553 1010 2613 idem
1024 2553 1107 2614 omni

133 2654 246 2714 genere
269 2638 404 2700 orbitatis
426 2647 555 2699 vexatus
570 2638 687 2698 sororis
702 2638 794 2697 filium
811 2637 1002 2699 successioni
1018 2653 1106 2713 prae

135 2729 272 2797 paratum
294 2738 369 2783 suae
392 2723 531 2799 perdidit.
567 2721 700 2798 denique
718 2738 757 2782 ne
771 2723 908 2797 singulos
924 2722 991 2782 cius
1004 2723 1107 2781 luctus

134 2821 324 2878 enumerem,
340 2815 369 2868 ct
383 2822 514 2882 generos
530 2807 579 2866 iiie
590 2807 691 2866 amisit
701 2812 730 2865 ct
740 2805 853 2868 liberos
866 2813 896 2866 et
907 2812 1054 2880 nepotes,
1071 2819 1108 2864 ac

133 2904 224 2950 nemo
237 2891 334 2965 magis
346 2907 385 2951 cx
397 2890 538 2952 omnibus
551 2891 727 2952 mortalibus
738 2890 1022 2962 bomincmessese,
1035 2890 1108 2948 dum

133 2973 213 3034 inter
231 2974 371 3036 homines
394 2981 474 3047 erat,
497 2975 608 3034 sensit:
637 2982 737 3033 tamen
757 2983 802 3036 tot
821 2981 985 3048 tantosque
1006 2973 1107 3033 luctus

134 3060 215 3133 cepit
229 3075 331 3120 rerum
346 3059 480 3119 omnium
495 3058 727 3133 capacissimum
742 3060 808 3119 eius
823 3065 930 3134 pectus
945 3055 1108 3132 victorque

134 3142 224 3203 divus
244 3145 403 3218 Augustus
424 3160 486 3205 non
508 3142 641 3217 gentium
667 3143 875 3205 tantummodo
900 3148 1107 3212 externarum,

104 3226 192 3290 ised
205 3226 294 3287 etiam
305 3229 444 3289 dolorum
457 3227 519 3286 fuit.
543 3227 633 3287 Caius
641 3226 766 3301 Caesar,
782 3227 844 3287 divi
854 3225 996 3301 Augusti,
1010 3241 1108 3285 avun-

135 3307 195 3368 cuii
207 3312 274 3384 mei,
289 3312 369 3372 filius
383 3327 419 3371 ac
431 3328 539 3385 nepos,
555 3311 636 3371 circa
648 3311 762 3384 primos
774 3311 915 3370 iuventae
923 3325 1000 3370 suae
1007 3324 1108 3368 annos

134 3391 259 3453 Lucium
274 3395 397 3454 fratrem
412 3395 603 3455 carissimum
618 3394 677 3454 sibi
693 3395 836 3470 princeps
849 3393 1011 3454 iuventutis
1025 3391 1108 3467 priu-

134 3476 234 3551 cipcm
250 3476 388 3538 eiusdem
403 3480 566 3539 iuventutis
581 3477 681 3538 amisit
694 3480 722 3538 in
735 3479 884 3554 adparatu
893 3476 1025 3538 Parthici
1037 3475 1109 3538 belii
