2438 3968
244 231 345 294 blan.
360 231 399 290 V.
427 231 479 292 DE
493 231 561 293 IRA
575 233 647 293 tls.
662 233 711 293 111.
725 242 848 299 ae-at.
976 235 1037 300 101

66 381 188 458 quillus,
204 397 294 457 quam
309 383 387 442 altus
402 397 438 442 ac
453 381 538 455 liber,
554 398 623 442 cum
637 391 689 443 aut
703 383 842 446 laudatus
856 393 905 446 est
918 386 1036 448 animus

64 474 117 525 aut
133 465 304 525 admonitus
326 472 356 524 et
370 466 545 541 speculator
565 465 613 526 sui
633 482 806 543 censorque
827 477 965 531 secretus
985 487 1038 532 co·

64 547 188 624 gnoscit
202 548 241 609 de
255 547 392 610 moribus
408 549 495 610 suist
537 550 612 611 Utor
631 550 689 610 hnc
704 557 856 626 potestate
876 560 907 613 et
927 555 1070 615 cotidied

65 633 148 708 apud
163 647 212 691 me
226 648 350 693 causam
366 633 444 694 dico.
475 649 543 694 cum
558 634 707 695 sublatum
724 642 923 710 cconspectu
935 637 1037 698 lumen

62 724 113 777 est
128 724 158 776 et
173 717 317 778 conticuit
329 734 409 778 uxor
427 716 521 779 moris
542 717 602 778 mei
616 719 675 777 iam
690 719 825 793 conscia,
845 727 941 780 totum
957 721 1037 782 diem
1132 752 1135 757 ·

65 817 166 862 meum
180 807 301 862 scrutor
316 801 457 876 tactaque
472 817 508 860 ac
523 802 603 862 dicta
617 817 684 862 mea
698 801 850 864 remotior.
877 802 950 863 nihil
966 804 1037 864 milti

10 914 12 935 ι
64 883 134 959 ipsc
155 883 322 958 abscondo,
344 883 417 944 nihil
436 893 572 945 transeo.
602 901 697 961 quare
711 886 793 946 enim
814 887 977 962 quicquam
998 902 1037 948 ex

10 982 13 1021 ι
63 967 221 1030 erroribus
236 969 313 1028 meis
328 969 458 1043 timeam,
474 985 541 1029 cum
552 970 668 1043 possim
683 970 800 1031 dicerea
815 970 888 1030 vide
902 987 941 1030 ne
954 971 1036 1032 istud

10 1068 13 1093 ⁵
63 1052 196 1128 amplius
216 1050 327 1123 facias,
351 1069 431 1114 nunc
451 1052 503 1113 libi
524 1051 662 1130 ignosco.
704 1054 737 1113 ln
758 1052 809 1114 illa
832 1054 1071 1130 disputationes

64 1137 236 1212 pugnacius
251 1137 371 1197 locutus
386 1152 430 1196 es.
459 1137 521 1197 noli
543 1145 652 1212 postca
672 1137 818 1213 congredi
839 1154 907 1198 cum
926 1139 1038 1214 inpari·

63 1222 118 1280 tis:
135 1222 242 1281 nolunt
256 1220 385 1295 discere,
405 1219 457 1296 qui
473 1236 636 1295 numquam
652 1221 832 1282 didicerunt.
863 1222 949 1282 lllum
963 1223 1034 1283 libe·

63 1305 128 1365 rius
150 1303 334 1364 admonuisti
356 1320 446 1378 quam
465 1304 610 1364 debebas.
650 1305 752 1380 itaque
777 1321 837 1365 non
859 1306 1036 1381 emendasti,

63 1388 123 1449 sed
138 1387 304 1448 oliendisti.
333 1387 372 1448 de
393 1396 494 1449 cetero
513 1387 593 1460 vide,
608 1404 669 1447 non
682 1396 796 1448 tantum
810 1405 848 1448 an
870 1405 977 1450 verum
998 1390 1038 1450 sit

63 1472 150 1548 quod
165 1471 252 1545 dicis,
268 1471 377 1531 sedan
392 1471 441 1530 ille
456 1471 504 1531 cui
519 1469 626 1531 dicitur
641 1472 705 1531 veri
718 1472 839 1546 patiens
854 1472 902 1533 sit.
931 1472 1036 1533 admo·

64 1557 130 1616 neri
144 1556 244 1617 bonus
252 1555 376 1630 gaudet:
396 1553 1035 1631 pessimusquisque[corJrectoremasper·

62 1641 139 1700 rime
154 1638 273 1714 patitur.

128 1722 275 1782 XXXVII.
296 1723 329 1780 ln
346 1720 488 1784 convivio
504 1722 704 1797 quorumdam
718 1730 749 1782 te
763 1725 844 1784 sales
860 1731 890 1784 et
905 1724 933 1782 in
950 1723 1067 1784 dolo-1

63 1823 129 1866 rem
150 1814 233 1867 tuum
253 1806 331 1866 iacta
353 1805 446 1864 verba
461 1806 636 1880 tetigerunt:
652 1807 747 1866 vitare
767 1808 910 1882 volgares
931 1807 1036 1867 convi-

62 1899 133 1950 ctus
148 1898 309 1950 memento.
339 1887 467 1950 solutior
482 1897 529 1950 est
543 1897 616 1965 post
629 1890 730 1950 vinum
751 1890 879 1963 licentia
905 1890 976 1966 quia
996 1905 1036 1951 ne

62 1974 176 2036 sobriis
199 1974 320 2048 quidem
337 1973 439 2048 pudor
458 1981 514 2034 est.
548 1975 658 2033 Iratum
680 1973 782 2034 vidisti
802 1976 932 2034 amicum
952 1979 1069 2051 tauma

61 2057 189 2120 ostiario
201 2057 347 2118 causidici
359 2056 487 2117 alicuius
498 2064 550 2118 aut
563 2056 673 2129 divitis,
690 2058 773 2133 quod
789 2059 946 2120 intrantem
963 2058 1036 2118 sub·

63 2149 211 2214 moverat,
232 2149 262 2201 et
275 2140 343 2216 ipse
359 2158 414 2217 pro
432 2140 483 2202 illo
498 2141 593 2202 iratus
608 2149 743 2202 exuemo
762 2142 915 2216 mancipio
936 2141 1034 2202 luisti=

62 2225 207 2286 irasceris
223 2240 296 2300 ergo
314 2226 466 2286 catenario
482 2226 571 2285 canit
598 2233 628 2286 et
640 2224 699 2299 hic,
721 2241 789 2286 cum
804 2227 929 2286 multum
945 2226 1034 2284 latra-

62 2310 116 2381 vit,
142 2310 261 2369 obiecto
287 2308 355 2369 cibo
375 2308 570 2369 mansuescit.
611 2309 734 2369 Recede
760 2310 881 2385 longius
908 2316 938 2368 et
959 2307 1068 2371 rides

62 2408 146 2454 nunc
158 2393 216 2452 iste
222 2394 353 2468 aliquem
368 2408 402 2452 se
410 2400 503 2468 putat,
516 2393 599 2467 quod
608 2393 741 2453 custodit
753 2393 936 2468 litigatorum
947 2391 1036 2452 turba

63 2478 156 2537 limen
172 2476 345 2538 obsessum
373 2493 454 2536 nunc
468 2477 518 2536 ille
539 2476 591 2550 qui
607 2476 684 2536 intra
698 2477 784 2547 iacet
810 2477 882 2536 felix
901 2475 1035 2534 lortuna·

63 2570 177 2634 tusque
192 2568 240 2620 est
258 2568 289 2620 et
303 2560 382 2621 beati
397 2559 528 2620 hominis
549 2559 661 2620 iudicat
680 2576 716 2620 ac
739 2559 871 2634 potentis
891 2558 1036 2619 indicium

61 2643 221 2705 difficilem
235 2645 366 2705 ianuam.
392 2644 489 2704 nescit
504 2644 699 2704 durissimum
720 2659 791 2703 esse
806 2644 917 2705 ostium
932 2657 1037 2702 carce·

62 2728 116 2788 ris.
159 2727 323 2789 Praesume
337 2727 438 2789 animo
448 2729 541 2788 multa
554 2728 607 2787 tibi
623 2742 695 2788 esse
709 2727 861 2802 patienda.
891 2727 1036 2800 numquis

63 2827 101 2872 se
115 2811 214 2870 hieme
236 2813 338 2885 algere
355 2811 500 2871 miratur?
526 2810 669 2886 numquis
688 2811 717 2870 in
739 2811 813 2870 mari
831 2811 983 2884 nausiare,
1003 2809 1034 2870 in

62 2895 116 2954 via
132 2895 273 2955 concutit
293 2895 379 2955 sortis
393 2903 442 2955 est
454 2895 572 2954 animus
584 2895 624 2955 ad
636 2911 715 2969 quae
731 2903 930 2970 praeparatus
943 2891 1069 2954 venite

62 2979 165 3038 illinus
181 2978 330 3040 honorato
352 2979 420 3039 loco
437 2979 554 3053 positus
575 2977 667 3038 irasci
688 2978 818 3054 coepisti
838 2975 1038 3053 convivatori‚

62 3062 212 3134 vocaturi,
233 3063 293 3136 ipsi
308 3062 360 3137 qui
374 3061 427 3121 tibi
442 3062 683 3137 praeferebatur:
704 3063 840 3134 demens,
858 3061 931 3138 quid
946 3061 1037 3121 inter

61 3154 127 3219 est,
151 3163 242 3223 quam
257 3146 325 3208 lecti
346 3163 467 3221 premas
483 3153 621 3220 partem?
644 3146 851 3208 honestiorem
867 3153 897 3206 te
911 3153 963 3207 aut
976 3151 1038 3204 tun

63 3231 185 3306 piorem
206 3239 308 3306 potest
327 3231 428 3291 lacere
450 3230 615 3305 pulvinus?
657 3231 723 3290 Non
744 3230 852 3305 aequis
875 3229 1069 3306 quemdama

64 3314 165 3375 oculis
181 3314 292 3389 vidisti,
313 3315 384 3390 quia
400 3315 439 3374 de
453 3313 574 3389 ingenio
589 3324 640 3375 tuo
656 3314 735 3374 male
755 3315 878 3375 loculus
898 3320 960 3374 esta
987 3328 1036 3372 ro·

62 3398 144 3472 cipis
165 3398 244 3458 hanc
266 3400 384 3474 legem?
410 3414 483 3472 ergo
505 3403 534 3458 te
553 3398 678 3470 Ennius,
702 3413 764 3472 quo
785 3413 847 3456 non
865 3395 1036 3470 delectaris,

62 3482 193 3557 odisset,
209 3492 238 3544 et
251 3483 431 3545 Hortensius
447 3481 614 3542 simultates
631 3480 685 3542 tibi
699 3481 853 3557 indiceret,
875 3489 905 3542 el
919 3480 1037 3555 Cicero,
