2438 3968
196 235 259 298 302
480 233 513 289 L.
536 230 681 289 ANNAEl
701 229 875 290 SENECAE

198 387 371 451 Stoicorum
385 392 538 460 tamquam
560 383 648 444 nimis
669 383 775 443 duram
794 391 825 443 et
838 383 962 442 minime
979 385 1206 482 princi-,pibus

198 471 384 548 regibusque
398 467 512 528 bonum
527 468 663 528 daturam
678 465 846 527 consilium
882 467 1018 528 obicitur
1039 471 1121 529 enim
1135 438 1206 529 ill'

200 556 283 649 quod
299 553 469 630 sapientem
483 558 575 626 negat
595 551 746 623 misereri,
768 551 883 625 negat
874 567 1055 626 ignoscere.
1092 554 1172 614 Haec

199 641 225 700 si
249 655 302 713 per
323 653 358 697 se
380 643 547 712 ponantur,
567 636 666 695 invisa
686 641 771 695 sunt.
794 634 934 696 videntur
956 635 1042 696 enim
1064 639 1171 698 nullam

200 739 287 799 spem
301 722 474 795 relinquere
484 719 625 779 humanis
638 720 806 792 erroribus,
820 719 877 778 sed
888 719 992 780 omnia
1008 721 1124 783 delicta
1137 721 1171 781 ad

170 815 332 883 apoenam
348 805 511 865 deducere.
549 802 674 876 Quodsi
690 810 752 874 est,
776 801 882 877 quidni
903 807 1012 877 [maria
1030 809 1082 880 sit]
1100 805 1172 866 haec

201 891 341 963 scientia,
365 903 444 963 quae
464 887 626 946 dediscere
646 886 860 948 humanitatem
879 888 964 948 iubet
988 896 1171 966 portumque

201 977 352 1036 adversus
368 974 518 1033 fortunam
531 970 730 1032 certissimum
745 978 846 1031 mutuo
859 971 974 1031 auxilio
985 973 1107 1034 cluditt
1120 973 1171 1034 scd

202 1062 284 1120 nulla
297 1063 382 1118 secta
399 1054 558 1129 benignior
577 1054 736 1130 leniorque
757 1062 820 1127 est,
842 1057 924 1115 nulla
945 1058 1104 1119 amantior
1122 1057 1171 1118 ho-

201 1145 314 1203 minum
329 1147 361 1201 et
373 1138 542 1199 communis
558 1137 631 1198 boni
648 1137 812 1212 ementior,
832 1146 864 1199 ut
883 1140 954 1218 [cua]
978 1141 1172 1217 propositum

202 1230 241 1290 sit
254 1226 325 1288 usui
342 1239 413 1284 esse
429 1230 482 1282 aut
497 1222 625 1292 auxilio,
648 1239 705 1283 nec
719 1223 777 1284 sibi
792 1230 919 1293 tantum,
944 1225 1004 1285 sed
1019 1225 1173 1286 universis

171 1309 391 1387 lsingulisqne
407 1308 577 1368 consulere.
608 1306 819 1367 Misericordia
839 1314 887 1367 est
902 1309 1069 1382 aegritudo
1087 1307 1172 1370 animi

202 1397 242 1456 ob
257 1394 423 1455 alienarum
439 1390 626 1450 miseriarum
641 1391 790 1466 speciem,
809 1397 860 1451 aut
873 1389 994 1451 tristitia
1008 1408 1054 1453 ex
1069 1391 1171 1455 alienis

202 1479 291 1539 malis
301 1483 465 1549 contracta,
478 1490 558 1550 quae
573 1475 711 1535 accidere
723 1475 938 1534 inmerentibus
951 1477 1063 1540 credit.
1080 1475 1172 1553 aegri·

203 1564 277 1623 tudo
292 1568 392 1622 autem
414 1560 443 1619 in
459 1559 626 1635 sapientem
647 1558 743 1618 virum
765 1574 825 1618 non
848 1558 936 1619 cadit.
971 1575 1091 1622 serena
1112 1563 1172 1621 eius

202 1663 289 1706 mens
305 1653 423 1707 estnec
439 1643 602 1718 quicquam
624 1643 757 1702 incidere
775 1649 889 1716 potest,
912 1644 997 1716 quod
1015 1646 1103 1706 illam
1124 1646 1171 1706 ob·

204 1733 303 1790 ducat
340 1729 475 1804 nihilque
495 1742 595 1802 aeque
615 1727 766 1787 hominem
787 1743 879 1802 quam
896 1742 1029 1802 magnus
1057 1730 1173 1790 animus

205 1815 307 1874 decet=
336 1828 397 1872 non
418 1817 520 1886 potest
539 1817 639 1871 autem
658 1826 787 1885 magnus
806 1826 878 1871 esse
898 1810 980 1870 idem
1005 1828 1046 1872 ac
1075 1821 1172 1874 mobis.

176 1901 325 1956 amoeror
338 1895 496 1955 contundit
509 1902 640 1967 mentes,
657 1895 763 1968 abicit,
778 1894 935 1956 contrahit.
957 1895 1027 1956 Hoc
1044 1896 1171 1972 sapienti

205 1997 243 2043 ne
267 1981 298 2039 in
322 1979 388 2039 suis
415 1979 537 2052 quidem
566 1979 684 2038 accidet
710 1979 943 2051 calamitatibus,
967 1979 1026 2039 sed
1055 1996 1172 2042 omnem

204 2067 343 2126 fortunae
364 2063 439 2122 iram
458 2061 665 2122 reverberabit
682 2069 794 2122 etanta
818 2079 853 2122 se
869 2064 996 2138 franget
1034 2065 1171 2125 eamdem

204 2164 327 2225 semper
347 2145 455 2206 faciem
475 2146 624 2215 servabit,
646 2147 810 2220 placidam,
832 2148 1070 2224 inconcussam,
1093 2147 1171 2223 quod

204 2236 306 2294 lacere
320 2247 382 2292 non
397 2235 520 2306 posset,
540 2229 567 2289 si
581 2228 730 2290 tristitiam
744 2230 903 2305 reciperet.

176 2328 192 2384 1
264 2316 316 2377 Vl.
339 2315 436 2376 Adice
451 2313 535 2390 quod
550 2314 674 2389 sapiens
690 2313 831 2389 providet
841 2320 870 2374 et
888 2316 1082 2391 inexpedita
1103 2332 1169 2378 con-

205 2403 304 2462 silium
318 2400 424 2460 habet:
444 2414 610 2474 numquam
625 2404 723 2458 autem
739 2397 886 2473 liquidum
901 2399 1122 2476 sincerumque
1135 2415 1172 2460 ex

204 2486 324 2547 turbido
340 2484 432 2544 venit.
467 2482 586 2543 tristitia
602 2482 742 2542 inhabilis
762 2489 810 2541 est
830 2482 867 2541 ad
884 2481 1098 2557 dispiciendas
1113 2499 1171 2558 res,

203 2568 288 2631 utilia
301 2566 520 2642 excogitanda,
544 2567 717 2640 periculosa
732 2566 870 2639 vitanda,
892 2581 992 2641 aequa
1009 2568 1170 2629 aestiman-

205 2655 259 2714 da=
285 2667 357 2727 ergo
379 2667 439 2711 non
455 2650 628 2724 miseretur,
651 2649 723 2724 quia
736 2650 767 2708 id
781 2649 847 2710 sine
866 2648 988 2710 miseria
1004 2650 1099 2711 animi
1112 2667 1170 2711 non

205 2738 247 2798 fit
276 2744 377 2797 cetera
392 2733 494 2795 omnia
511 2749 590 2808 quae
602 2739 681 2807 [cos],
698 2733 749 2807 qui
763 2734 955 2807 miserentur,
973 2735 1044 2795 volo
1062 2736 1171 2809 lacere,

176 2821 303 2886 tlibens
318 2825 348 2879 et
362 2821 440 2879 altus
463 2816 562 2877 animo
579 2818 676 2877 lactet
709 2816 871 2878 Succurret
894 2817 1001 2876 alienis
1027 2819 1169 2892 lacrimis,

204 2921 265 2965 non
280 2904 415 2964 accedet.
453 2900 501 2962 da¹
495 2902 537 2962 it
555 2917 676 2961 manum
696 2903 860 2976 naufrago,
885 2900 968 2961 exuli
992 2901 1169 3000 hospitium,

205 2988 304 3064 egenti
320 2987 444 3061 stipem,
460 3001 521 3046 non
536 2985 615 3045 hanc
630 2986 878 3045 contumeliosam
886 3001 970 3060 ,qua
986 3001 1061 3060 pars
1077 2987 1173 3047 maior

204 3073 327 3146 horum,
351 3071 403 3146 qui
424 3087 458 3131 se
479 3069 691 3130 misericordes
709 3069 805 3130 videri
825 3070 946 3142 volunt,
967 3068 1061 3129 abicit
1080 3077 1111 3132 et
1129 3072 1171 3130 la·

205 3155 289 3217 stidit
304 3171 381 3230 quos
397 3155 521 3215 adiuvat
533 3155 727 3228 contingique
738 3154 776 3213 ab
788 3153 835 3214 his
847 3153 944 3226 timet,
960 3154 1017 3213 sed
1031 3163 1066 3215 ut
1080 3154 1173 3215 homo

205 3239 318 3300 bomini
342 3255 381 3300 ex
406 3237 556 3300 communi
577 3238 668 3298 dabit.
712 3237 844 3298 Donabit
868 3237 1000 3298 lacrimis
1026 3239 1171 3300 maternis

205 3322 296 3382 filium
312 3328 344 3382 et
356 3330 479 3384 catenas
495 3321 574 3383 solvi
589 3321 704 3382 iubebit
720 3330 749 3380 et
763 3323 834 3381 ludo
856 3321 968 3382 eximet
987 3330 1018 3383 ct
1038 3324 1174 3383 cadaver

205 3404 296 3466 etiam
311 3405 434 3466 noxium
449 3404 591 3481 sepeliet,
619 3406 674 3465 sed
699 3405 788 3465 saciet
808 3405 866 3466 ista
884 3405 1047 3480 tranquilla
1061 3414 1174 3480 mente,

176 3490 288 3553 avoltu
303 3504 372 3548 suo.
399 3490 479 3564 Ergo
498 3505 557 3549 non
574 3490 763 3550 miserebitur
774 3490 913 3565 sapiens,
929 3490 985 3550 sed
1001 3497 1173 3564 succurret,
