2438 3968
223 119 352 181 LUDUS
366 120 417 179 DE
431 120 563 181 MORTE
578 121 740 193 CLAUDII.
764 131 877 186 9-11.
966 123 1025 186 271

62 273 190 335 intuenti
210 274 377 334 domestica
398 277 484 334 mata.
518 277 619 350 itaque
640 276 690 335 illa
711 277 857 348 omittam,
882 276 959 336 haec
978 293 1025 336 re·

63 360 169 418 leram.
204 358 278 417 Nam
300 359 415 418 etiamsi
436 357 573 418 lormea*
594 359 709 419 Graece
732 360 842 433 nescit,
871 375 927 435 ego
950 361 1023 422 scio.

61 440 653 504 ΕΝΊῪΟΟΝΤΟΝΝΤΚΝΝΛΙΗΣ.
689 442 704 479 *
757 441 899 505 senescit.
957 445 1055 517 Istat

63 541 153 601 quem
167 524 290 600 videtis,
310 542 365 600 per
376 532 420 586 tot
430 543 527 587 annos
539 527 596 587 sub
608 526 808 587 meonomine
820 529 932 601 latens,
948 526 1026 586 hanc

61 609 134 669 mihi
148 610 273 684 gratiam
288 610 402 682 retulit,
422 618 455 671 ut
469 611 546 671 duas
560 610 652 671 Iulias
668 617 831 685 proneptes
846 627 931 672 meas
945 612 1025 671 acci-

62 695 162 765 deret,
188 695 310 754 alteram
332 695 427 767 terro,
454 695 576 754 alteram
602 696 694 754 lame:
726 711 818 755 unum
843 696 1026 769 abnepotem

59 777 94 836 L.
108 776 252 837 Silanum.
282 776 420 848 Videris,
435 777 562 852 Iupiter,
584 795 621 836 an
638 777 668 837 in
683 795 777 838 causa
789 779 882 853 mala,
899 779 1024 838 certain

59 867 112 920 tua
133 864 172 921 sit
190 877 300 936 aequas
321 861 453 931 iuturus,
480 862 571 922 etdic
585 861 671 935 mihi,
699 863 768 922 dive
790 862 908 934 Claudi,
931 877 1025 935 quare

62 960 244 1020 quemquam
258 959 297 1003 ex
310 943 374 1016 his,
397 961 631 1020 quosquasque
645 947 797 1019 occidisti,
813 954 974 1020 antequem
985 946 1025 1006 de

61 1043 155 1087 causa
167 1043 380 1103 cognosceres,
394 1036 555 1104 antequam
568 1029 698 1102 audires,
711 1029 882 1089 damnasti?
903 1029 962 1089 hoc
972 1029 1025 1089 ubi

62 1110 127 1170 lieri
142 1113 240 1171 soleti
262 1113 290 1170 in
309 1114 394 1171 coelo
410 1129 470 1171 non
486 1113 527 1172 lit.
629 1117 632 1121 “

121 1196 170 1253 ΧΙ.
193 1196 274 1255 Ecce
287 1196 413 1269 Iupiter,
437 1197 488 1270 qui
502 1203 547 1256 tot
561 1212 659 1255 annos
673 1203 792 1270 regnat,
820 1196 869 1256 uni
885 1197 1051 1257 Volcano}

60 1294 129 1338 crus
146 1280 248 1352 tregit,
264 1296 354 1353 quem

158 1359 232 1441 ῥῖψε
249 1354 509 1440 contesseratio
525 1352 588 1422 ἀπὸ
604 1363 710 1442 βηλοῦ
724 1364 924 1433 θεσπεσίοιο,

60 1451 141 1520 [etin
156 1453 274 1504 Lemnon
288 1453 363 1504 coelo
380 1453 550 1519 deturbavit,
565 1470 626 1513 non
642 1453 779 1519 extinxit].
807 1455 837 1506 el
857 1447 951 1507 iratus
970 1447 1026 1508 lull

60 1529 148 1591 uxori
169 1535 199 1589 et
220 1531 380 1605 suspendit
400 1531 493 1589 illam:
521 1529 668 1606 numquid
689 1529 820 1591 occidit?
848 1532 892 1591 Tu
905 1531 1024 1592 Messa·

59 1613 165 1687 boam,
194 1615 280 1674 cuius
302 1631 400 1689 aeque
421 1616 590 1674 avunculus
611 1615 706 1674 maior
725 1631 807 1674 eram
830 1632 918 1690 quam
944 1623 1022 1690 tuuS,

60 1697 208 1758 occidisti.
237 1698 363 1771 Nescio,
379 1699 501 1773 inquis?
520 1699 557 1759 Di
567 1699 620 1759 tibi
631 1699 833 1758 malefaciant:
855 1700 932 1760 adeo
945 1699 1023 1760 istuc

59 1783 176 1857 turpius
191 1790 252 1854 est,
278 1783 361 1857 quod
382 1782 506 1842 nescisti
523 1800 612 1856 quam
629 1783 711 1856 quod
727 1783 873 1843 occidisti.
906 1784 936 1843 C.
951 1784 1054 1846 Cae-t

60 1882 160 1926 sarem
175 1882 236 1926 non
253 1866 343 1927 desiit
357 1874 505 1926 mortuum
521 1867 674 1942 persequi.
704 1866 857 1928 occiderat
872 1869 920 1927 ille
936 1883 1022 1927 soce-

59 1967 140 2010 rum:
162 1949 211 2010 hic
232 1958 261 2010 et
282 1966 437 2024 generum.
470 1951 557 2010 Caius
579 1950 690 2011 Caesar
705 1950 806 2010 Crassi
821 1951 915 2010 filium
930 1952 1024 2010 vetuit

59 2034 201 2110 Magnum
216 2035 334 2095 vocari:
355 2035 405 2094 hic
419 2029 528 2095 nomen
544 2034 742 2106 illireddidit,
758 2041 850 2108 caput
863 2036 936 2094 tulit.
966 2033 1022 2092 Oc·

60 2117 133 2179 cidit
155 2118 184 2176 in
205 2135 266 2178 una
286 2120 377 2179 domo
401 2120 541 2179 Crassum
556 2118 713 2193 Magnum,
735 2117 938 2190 Scriboniam,
960 2115 1022 2176 Tri·

59 2200 213 2274 stioniam,
231 2203 430 2278 [Bassianum]
446 2203 658 2273 Assarionem‘,
675 2201 792 2260 nobiles
805 2210 919 2260 tamen:
935 2198 1022 2259 Cras·

58 2301 126 2344 sum
144 2300 215 2344 vero
231 2288 435 2360 tamtatuum,
452 2294 486 2347 ut
498 2288 586 2352 etiam
597 2300 723 2360 regnare
735 2293 850 2358 posset.
879 2282 1053 2358 Cognatas

57 2368 90 2428 P.
102 2367 142 2439 C,
162 2369 251 2441 quale
266 2377 436 2443 portentum
452 2370 480 2428 in
497 2384 652 2428 numerum
668 2368 793 2428 deorum
812 2384 846 2426 se
861 2368 955 2442 recipi
971 2382 1022 2426 eu·

59 2451 130 2528 piat.
170 2452 320 2529 [Principes
340 2460 449 2527 pietate,
463 2463 492 2511 et
504 2457 610 2513 iustitia
624 2457 661 2509 dii
674 2458 751 2509 fiunt.
780 2457 892 2509 Scilicet
904 2457 947 2508 hic
962 2457 1021 2524 pius

58 2547 87 2592 et
99 2541 200 2606 iustus,
222 2541 342 2610 qnoniam
353 2543 509 2595 Druidarum
520 2542 639 2610 perfidae
648 2533 742 2610 ¹gentio
754 2541 874 2594 Gallicae
888 2541 1022 2593 immamm

57 2624 227 2693 religionem,
243 2644 259 2677 a
273 2643 325 2694 qna
336 2628 409 2679 cives
422 2628 617 2692 submoverem,
632 2643 742 2696 prorsus
754 2626 913 2695 extirpavit,
926 2633 957 2677 ut
967 2625 1022 2677 Ro-

57 2726 114 2760 mae
129 2709 279 2778 nuptiarum
292 2727 369 2762 saera
383 2717 485 2775 essent,
512 2711 605 2779 quibus
626 2712 712 2780 ipse,
727 2727 785 2763 cum
804 2711 857 2763 sibi
871 2709 1022 2779 Agrippina

57 2794 186 2860 nuberet,
212 2793 300 2846 XXX.
336 2795 526 2861 senatoribus,
554 2797 694 2847 innumeris
718 2795 771 2863 Eq.
793 2794 869 2851 Rom.
889 2793 1021 2858 mactatis,

56 2876 216 2946 principium
230 2877 325 2946 dedit]
358 2872 438 2932 hunc
453 2890 534 2934 nunc
548 2874 637 2934 deum
653 2874 753 2932 lacere
770 2874 882 2934 vultis?
910 2871 1021 2931 Videte

58 2971 171 3030 eorpus
188 2957 253 3016 eius
269 2958 317 3018 dis
331 2956 413 3017 iratis
429 2964 538 3017 natum.
567 2958 606 3016 ad
621 2973 767 3016 summam
783 2957 840 3017 tria
854 2956 947 3015 verba
961 2956 1019 3015 cito

57 3039 138 3099 dicat
151 3047 182 3101 et
198 3056 318 3100 servum
335 3040 498 3101 maducat.
533 3042 620 3100 Hunc
637 3041 726 3100 deum
743 3041 812 3114 quis
828 3042 927 3100 colet?
953 3039 1050 3113 quisi

58 3124 182 3183 credet?
203 3126 273 3185 dum
288 3126 362 3185 tales
374 3125 450 3184 deos
463 3123 568 3194 tacitis,
584 3139 671 3182 nemo
680 3139 736 3182 vos
744 3124 820 3184 deos
828 3140 899 3184 esse
907 3122 1018 3183 credet.

57 3205 182 3266 Summa
197 3209 253 3281 rei,
276 3209 307 3272 P.
322 3210 362 3281 C,
374 3207 401 3267 si
415 3209 542 3268 honeste
558 3213 623 3280 [me]
640 3209 716 3267 inter
727 3224 784 3267 vos
795 3207 893 3282 gessi,
909 3206 936 3266 si
947 3206 1019 3267 nulli

56 3290 164 3350 durius
175 3293 332 3367 respondi,
345 3292 497 3352 vindicate
508 3292 631 3350 iniurias
643 3307 736 3350 meas.
757 3292 822 3365 Ego
837 3307 891 3366 pro
899 3297 1019 3351 senten-

57 3373 177 3435 tiamea
189 3376 402 3436 hoccensco=“
423 3382 513 3450 atque
521 3373 561 3434 ita
570 3392 607 3434 ex
616 3374 722 3434 tabella
730 3376 881 3435 recitavit:
901 3374 1048 3450 „Quen-5
