2438 3968
177 253 228 314 AD
242 251 440 312 POLYBIUM
453 252 503 313 DE
518 251 818 312 CONSOLATIONE.
834 262 918 315 2-5.
932 256 997 333 [m]
1019 252 1080 316 221

113 405 210 479 Luget
224 403 370 480 Polybius
396 411 426 462 et
445 402 475 461 in
490 419 552 463 uno
573 404 663 462 lratre
687 402 761 476 quid
782 403 820 462 de
842 403 968 477 reliquis
983 403 1083 478 possit

112 496 261 560 metuere,
284 486 472 560 admonitus,
494 487 582 546 etiam
604 485 741 560 deipsis
763 486 880 547 doloris
901 488 948 546 sui
964 488 1081 549 solatiis

112 573 204 632 timet.
229 572 346 631 lacinus
361 570 529 645 indignum!
548 570 629 644 luget
643 569 788 647 Polybius
804 578 834 630 et
849 569 963 644 aliquid
979 573 1080 647 propi-

112 657 153 716 tio
170 656 253 715 dolet
268 655 407 715 Caesare.
437 654 496 714 hoc
511 655 578 714 sine
593 653 700 726 dubio,
723 654 864 728 inpotens
879 654 1014 728 lortuna,
1032 671 1079 715 ca-

112 739 219 814 ptasti,
240 750 273 798 ut
294 739 473 799 ostenderes
494 736 644 796 neminem
665 745 770 798 contra
789 744 834 812 ιε,
858 753 897 797 ne
918 737 1081 799 acaesare

113 824 237 898 quidem
253 839 347 897 posse
363 821 520 882 delendi.“

172 908 223 968 lV.
247 912 313 979 [te]
335 905 453 966 Diutius
466 921 613 966 accusare
627 906 688 964 lata
699 921 876 981 possumus,
892 913 1009 965 mutare
1020 922 1081 966 non
1098 915 1113 966 1

110 1000 294 1066 possumus:
311 998 391 1050 stant
405 990 481 1049 dura
497 996 527 1048 et
538 989 745 1049 inexorabilia.
768 1004 857 1049 nemo
869 989 920 1049 illa
933 990 1082 1064 convicio,

112 1090 200 1134 nemo
223 1074 311 1142 fletu,
334 1089 423 1133 nemo
445 1089 540 1133 causa
553 1079 664 1134 movet.
684 1073 756 1132 nihil
772 1090 916 1148 umquam
931 1074 1082 1152 [parcunt]

111 1159 163 1218 ulli
180 1164 258 1231 [nec]
276 1158 438 1219 remittunt.
459 1157 591 1218 Proinde
605 1173 767 1232 parcamus
782 1157 915 1216 lacrimis
928 1157 1001 1218 nihil
1012 1174 1082 1232 pro-

110 1242 293 1303 ficientibus.
326 1241 444 1302 facilius
466 1242 546 1301 enim
561 1258 618 1302 nos
632 1241 674 1300 illi
689 1241 778 1302 dolor
793 1241 850 1300 iste
864 1241 975 1301 adiciet
991 1259 1082 1316 quam

110 1327 191 1385 illum
218 1326 307 1384 nobis
333 1326 466 1386 reducet.
501 1324 554 1401 qui
579 1326 606 1385 si
631 1342 688 1385 nos
708 1332 843 1400 torquet,
865 1341 926 1386 non
944 1325 1080 1398 adiuvat,

111 1411 208 1484 primo
238 1424 361 1483 quoque
384 1416 519 1485 tempore
539 1409 740 1484 deponendus
762 1416 809 1468 est
829 1415 859 1468 et
880 1409 918 1468 ab
939 1409 1082 1469 inanibus

111 1494 227 1553 solatiis
244 1500 335 1567 atque
351 1509 454 1551 amara
470 1494 603 1568 quadam
618 1492 743 1552 libidine
758 1493 885 1551 dolendi
901 1493 1019 1552 animus
1034 1509 1082 1552 rc·

110 1575 272 1651 cipiendus
291 1583 346 1635 est.
375 1576 449 1635 Nam
466 1576 597 1637 lacrimis
613 1577 741 1647 nostris,
763 1577 822 1635 nisi
838 1577 914 1636 ratio
933 1577 1025 1638 finem
1039 1567 1114 1636 ιε’-2

110 1660 198 1728 cerit,
215 1660 333 1720 iortuna
348 1677 408 1720 non
426 1660 523 1720 faciet.
547 1661 645 1720 omnis
660 1660 790 1735 agedum
806 1661 940 1722 mortalis
956 1661 1082 1721 circum-

109 1742 211 1818 spice:
234 1744 317 1817 larga
337 1744 450 1818 ubique
464 1743 557 1803 ilendi
573 1750 603 1804 et
617 1744 748 1804 adsidua
762 1743 888 1804 materia
904 1752 961 1805 est.
991 1744 1083 1806 alium

107 1829 148 1887 ad
170 1828 352 1887 cotidianum
375 1844 454 1901 opus
477 1828 631 1888 laboriosa
646 1836 768 1902 egestas
784 1836 890 1902 vocat,
913 1829 1003 1888 alium
1020 1846 1082 1889 am-

108 1912 180 1971 bitio
197 1927 362 1985 numquam
379 1912 482 1988 quieta
497 1913 646 1984 sollicitat,
663 1913 740 1972 alius
757 1912 886 1986 divitias
902 1929 980 1986 quas
996 1921 1081 1989 opta-

108 2003 200 2068 verat,
218 1997 322 2055 metuit
338 2004 367 2056 et
384 2002 454 2055 voto
472 1996 590 2056 laborat
604 2011 670 2067 suo,
687 1996 777 2055 alium
793 1997 976 2070 sollicitudo,
990 1997 1082 2058 alium
1168 2000 1172 2019 ¹

107 2079 193 2138 labor
215 2087 350 2153 torquet,
374 2081 463 2138 alium
486 2095 608 2153 semper
625 2081 805 2140 vestibulum
821 2081 968 2141 obsidens
984 2081 1081 2141 turba.

107 2162 156 2221 hic
171 2163 283 2223 habere
299 2180 333 2225 se
349 2165 433 2225 dolet
447 2164 569 2235 liberos,
584 2163 634 2222 hic
650 2165 832 2238 perdidisse.
856 2165 1012 2224 Lacrimae
1027 2169 1111 2224 no-3

107 2246 154 2305 bis
170 2248 298 2307 deerunt
313 2256 381 2308 ante
394 2265 484 2323 quam
497 2263 610 2308 causae
622 2248 754 2307 dolendi.
769 2251 835 2307 Non
848 2249 945 2319 vides,
960 2248 1080 2323 qualem

106 2329 195 2392 nobis
219 2331 307 2390 vitam
329 2348 429 2392 rerum
451 2339 559 2391 natura
580 2332 766 2406 promiserit,
789 2347 869 2407 quae
884 2332 1011 2405 primum
1027 2347 1079 2390 na·

107 2415 254 2473 scentiam
277 2415 430 2476 hominum
446 2414 550 2476 fletum
565 2432 636 2476 esse
651 2416 765 2475 voluita
792 2417 851 2476 hoc
869 2415 1006 2490 principo
1019 2415 1081 2475 edi·

106 2513 181 2569 mur,
199 2498 269 2557 huic
283 2499 380 2559 omnis
397 2501 589 2575 sequentium
605 2516 752 2560 annorum
769 2499 845 2560 ordo
860 2499 1018 2560 consentit.
1034 2499 1080 2560 sic

106 2581 196 2640 vitam
220 2582 353 2656 agimus,
375 2583 508 2658 ideoque
531 2584 688 2644 moderate
709 2584 740 2643 id
761 2585 826 2643 fieri
843 2584 933 2643 debet
947 2601 965 2643 a
980 2583 1078 2656 nobis,

106 2666 190 2740 quod
213 2682 307 2740 saepe
329 2667 502 2726 laciendum
523 2676 584 2741 est,
607 2675 637 2727 et
655 2667 871 2741 respicientes,
901 2674 1079 2742 quantuma

104 2756 191 2823 tergo
213 2765 313 2809 rerum
334 2751 460 2810 tristium
478 2751 634 2825 inmineat,
657 2752 682 2810 si
698 2769 757 2812 non
774 2753 862 2812 linire
876 2752 1031 2825 lacrimas,
1048 2759 1079 2813 at

105 2841 186 2893 certe
201 2849 361 2894 reservare
376 2834 533 2895 debemus.
565 2836 644 2896 Nulli
660 2838 845 2910 parcendum
860 2835 965 2896 estrei
980 2837 1077 2910 magis

105 2934 195 2992 quam
212 2917 297 2991 huic,
317 2918 404 2978 cuius
420 2927 479 2979 tam
496 2920 639 2994 frequens
655 2936 730 2980 usus
747 2928 802 2981 est.

167 3002 204 3060 V.
227 3003 329 3061 illud
352 3010 645 3078 quoquetenon
662 2998 1105 3076 minimumadiuverit,l

103 3086 136 3144 si
165 3087 403 3160 cogitaveris
429 3087 525 3147 nulli
546 3085 671 3159 minus
691 3097 839 3163 gratum
862 3088 1076 3146 essedolo-

102 3183 177 3227 rem
199 3177 301 3229 tuum
325 3186 434 3245 quam
458 3171 506 3243 ei,
529 3172 587 3230 cui
611 3171 989 3246 proestarividetur:
1016 3178 1076 3231 tor-

105 3253 190 3326 queri
209 3253 258 3312 ille
278 3263 308 3315 te
328 3263 453 3314 autnon
470 3256 533 3315 vult
550 3263 675 3315 autnon
692 3255 844 3330 intellegit.
875 3257 958 3315 nulla
973 3254 1076 3330 itaque

102 3337 170 3396 eius
187 3338 279 3397 oiircii
292 3339 369 3399 ratio
386 3347 445 3413 εει,
461 3340 543 3414 quod
559 3339 595 3413 ei,
613 3341 660 3399 cui
677 3346 855 3414 praestatur,
872 3340 899 3399 si
913 3338 987 3398 nihil
1005 3355 1075 3400 sen·
1187 3336 1191 3343 '

102 3420 151 3492 tit,
168 3437 392 3495 supervacuum
409 3431 470 3495 εει,
486 3425 511 3483 si
527 3424 631 3496 sentit,
647 3425 796 3500 ingratum
812 3430 867 3485 est.
889 3425 955 3502 [ει]
977 3423 1105 3483 Nemi-a

103 3519 172 3563 nem
191 3521 261 3566 esse
277 3513 339 3568 toto
355 3509 429 3568 orbe
446 3515 601 3583 terrarum,
620 3508 670 3582 qui
683 3509 850 3569 delectetur
861 3508 992 3570 lacrimis
1005 3509 1073 3580 tuis,

1185 3522 1192 3555 l
