2438 3968
145 256 150 278 ’
202 239 265 304 104
506 241 539 299 L.
558 241 704 299 ΑΝΝΑΕΙ
726 239 900 301 SENECAE

145 452 148 475 ἱ
203 394 251 452 dis
268 407 391 467 quoque
408 390 574 464 irascimur,
591 391 674 466 quod
690 392 800 466 aliquis
820 409 878 452 nos
901 395 1085 470 antecedat,
1108 397 1185 458 obliti

146 478 148 483 ’
204 484 350 552 quantum
365 475 516 535 hominum
536 483 616 535 retro
633 475 680 547 sit,
696 483 726 535 et
746 476 853 550 paucis
874 476 1071 538 invidentem
1095 497 1184 556 qum·

203 569 266 620 tum
280 566 426 635 sequatur
445 577 463 618 a
478 567 563 633 tergo
578 558 709 633 ingentis
724 559 866 619 invidiae.
907 562 1005 620 Tanta
1020 569 1128 624 tamen
1142 563 1182 623 in·

204 645 372 718 portunitas
387 643 542 702 hominum
558 650 613 714 est,
635 650 668 702 ut
683 643 820 718 quamvis
841 645 966 704 multum
992 648 1181 722 acceperint,

168 737 187 788 2
203 729 328 787 iniuriae
342 730 412 788 loco
428 728 467 787 sit
483 729 551 801 plus
567 727 706 800 accipere
722 728 869 801 potuisse.
898 728 990 788 Dedit
1003 729 1084 790 mihi
1097 747 1180 806 prae

202 819 313 871 turam:
342 813 399 872 sed
414 812 606 871 consulatum
621 826 825 884 speraveram.
854 813 937 871 dedit
952 811 1126 874 duodecim
1141 816 1179 874 la-

202 911 288 955 sces:
305 895 361 955 sed
376 911 437 954 non
453 896 523 953 lecit
535 894 717 954 ordinarium
731 897 897 956 consulem.
925 913 944 954 a
959 911 1010 956 me
1023 900 1179 958 numerari

202 981 298 1039 voluit
312 995 440 1038 annum:
461 979 517 1036 sed
532 978 620 1038 deest
631 978 701 1036 mihi
717 980 756 1037 ad
768 980 983 1041 sacerdotium.
1012 989 1179 1056 cooptatus

201 1063 232 1123 in
248 1064 407 1136 collegium
422 1078 504 1121 sum:
530 1063 585 1120 sed
598 1077 652 1120 cur
666 1063 696 1120 in
712 1069 827 1121 unumt
841 1066 1070 1126 consummavit
1086 1065 1178 1142 digni-

201 1155 293 1206 tatem
309 1162 421 1204 meam:
443 1146 499 1206 sed
515 1146 694 1220 patrimonio
710 1146 781 1205 nihil
795 1149 928 1207 contulit.
950 1165 990 1208 ca
1001 1149 1097 1210 dedit
1110 1149 1178 1212 mrhi

168 1242 282 1305 oquae
296 1230 428 1290 debebat
441 1230 531 1289 alicui
549 1231 630 1288 dare.
658 1231 696 1289 de
712 1246 768 1290 suo
785 1231 856 1290 nihil
873 1233 1006 1306 protulit.
1040 1236 1113 1309 Age
1128 1252 1177 1310 po·

201 1315 261 1376 tius
276 1315 390 1390 gratias
406 1330 461 1389 pro
478 1314 534 1384 his,
558 1329 636 1388 quae
655 1313 809 1389 accepisti.
847 1317 965 1390 reliqua
980 1327 1138 1392 exspecta
1153 1326 1178 1378 et

201 1400 335 1462 nondum
351 1401 472 1474 plenum
489 1414 559 1458 esse
580 1404 609 1456 te
623 1398 731 1472 gaude.
764 1399 840 1458 inter
861 1402 1042 1474 voluptates
1060 1413 1111 1464 est
1131 1420 1176 1463 sn·

201 1499 329 1560 peresse
345 1485 428 1558 quod
444 1498 562 1557 speres.
600 1480 710 1541 Omnes
726 1483 838 1542 vicisti:
863 1484 990 1557 primum
1014 1501 1095 1547 esse
1110 1496 1140 1548 te
1152 1488 1177 1546 in

200 1571 300 1628 animo
324 1569 412 1627 antici
433 1566 475 1626 tui
502 1569 625 1626 laetare.
668 1566 750 1625 multi
771 1575 800 1626 tc
820 1568 958 1627 vincunt:
1001 1571 1177 1642 considera,

202 1661 314 1727 quanto
330 1653 495 1711 antecedas
516 1653 620 1725 plures
637 1666 727 1724 quam
749 1653 898 1725 sequaris.
941 1651 1037 1725 Quod
1053 1657 1097 1717 sit
1111 1657 1176 1716 intc

203 1737 305 1795 vitium
321 1736 484 1795 maximum
507 1736 651 1808 quaeris?
680 1735 772 1793 salsas
788 1736 920 1795 rationes
935 1737 1092 1800 conficis:
1115 1741 1176 1801 data

203 1835 310 1892 magno
326 1818 479 1888 aestimas
495 1827 621 1891 accepta
636 1834 741 1894 parvo.

171 1911 186 1960 t
262 1903 381 1961 XXXll.
402 1901 494 1961 Aliud
509 1901 538 1960 in
555 1902 613 1961 alio
629 1919 685 1962 nos
702 1903 866 1962 deterreat:
892 1903 1087 1978 quibusdam
1102 1906 1175 1970 time·

201 2002 288 2045 arnus
309 1985 409 2058 irasci,
432 1985 614 2059 quibusdam
636 2002 808 2060 vereamur,
831 1987 1018 2060 quibusdam
1046 1993 1174 2053 lastidia-

202 2086 279 2129 mus.
321 2069 461 2143 Magnam
483 2084 546 2127 rem
568 2070 634 2128 sine
655 2070 746 2129 dubio
770 2072 945 2142 fecerimus,
970 2072 997 2131 si
1023 2078 1175 2138 servulum

201 2154 351 2213 infelicem
367 2154 396 2212 in
411 2155 596 2227 ergastulum
610 2153 790 2214 miserimus.
814 2155 885 2228 quid
894 2171 1112 2230 properamus
1120 2175 1173 2221 ver·

202 2239 309 2298 berare
324 2237 432 2310 statim,
455 2253 543 2296 crura
566 2238 702 2311 protinus
724 2240 883 2313 frangeret
910 2256 972 2298 non
989 2244 1113 2315 peribit
1131 2260 1173 2321 po

169 2331 295 2394 ntestas
311 2323 378 2394 ista,
394 2322 421 2381 si
437 2319 601 2382 differetur.
632 2321 704 2382 Sine
718 2322 749 2381 id
765 2329 884 2396 tempus
899 2325 1020 2396 veniat,
1045 2345 1112 2404 quo
1127 2324 1175 2404 ipsi

200 2408 374 2470 iubeamus:
391 2421 472 2466 nunc
487 2421 526 2465 ex
538 2408 663 2480 imperio
677 2407 739 2465 irae
751 2408 920 2481 loquemur.
949 2425 1023 2468 cum
1041 2412 1172 2473 illaabie

200 2494 245 2563 rit,
263 2499 332 2551 tunc
348 2489 527 2562 videbimus,
543 2498 655 2565 quanto
670 2490 729 2549 ista
743 2490 780 2549 lis
789 2491 978 2551 aestimanda
993 2495 1051 2554 sit.
1085 2497 1173 2558 innoc

201 2577 280 2635 enim
296 2574 462 2650 praecipue
477 2575 622 2633 fallimur:
653 2575 691 2632 ad
711 2575 822 2634 ferrum
838 2574 986 2647 venimus,
1006 2580 1053 2638 ad
1069 2581 1172 2658 capita

203 2661 242 2719 lia
256 2659 416 2733 supplicia,
433 2666 463 2717 et
475 2659 614 2729 vinculiS,
636 2674 767 2728 carcere,
795 2660 874 2717 lame
896 2658 1100 2724 vindicamus
1121 2674 1171 2724 ren

168 2743 408 2816 tcastigandam
429 2740 533 2817 flagris
549 2742 723 2801 levioribus.
757 2743 953 2816 „Quomodm
975 2744 1105 2823 inquis,
1125 2761 1172 2809 nos

202 2826 289 2885 iubes
304 2827 422 2896 intueri,
439 2843 529 2900 quam
545 2827 653 2899 omnia,
669 2842 724 2901 per
737 2842 815 2900 quae
830 2827 909 2886 laedi
925 2827 1104 2907 videamur,
1120 2829 1170 2893 cxl

201 2925 269 2985 gua,
293 2911 412 2979 misera,
431 2909 557 2984 puerilia
571 2910 661 2968 sint.“
698 2911 762 2983 Ego
780 2925 851 2969 vero
867 2911 940 2971 nihil
954 2915 1061 2989 magis
1077 2930 1171 2978 suast

201 2995 257 3054 rim
269 3011 359 3068 quam
371 3009 492 3054 sumere
504 2995 653 3068 ingentem
667 2993 797 3053 animum
813 3004 844 3055 et
856 2995 940 3068 haec,
960 3009 1171 3077 propter-quat
1208 3016 1212 3025 ·

201 3080 362 3152 litigamus,
379 3076 587 3148 discurrimus,
605 3078 790 3146 anhelamus,
814 3079 915 3138 videre
937 3097 1034 3154 quam
1058 3073 1171 3146 humili
1207 3078 1210 3147 ζ

200 3169 231 3221 et
245 3162 363 3222 abiecta
376 3161 446 3232 sint,
468 3161 541 3222 nulli
557 3161 609 3236 qui
632 3162 722 3223 altum
743 3162 886 3236 quiddam
907 3171 958 3222 aut
979 3169 1171 3244 magnificum

202 3246 314 3320 cogitat
327 3246 529 3319 respicienda.

171 3339 185 3391 l
261 3328 392 3387 XXXlll.
416 3328 501 3389 Circa
519 3328 677 3404 pecuniam
693 3330 854 3404 plurimum
870 3330 1107 3398 vociterationis
1120 3339 1170 3396 cst·

201 3413 278 3473 haec
294 3412 360 3472 lora
374 3414 525 3488 defatigat,
548 3421 650 3489 patres
671 3413 846 3488 liberosque
868 3417 1039 3494 committit,
1064 3430 1170 3481 venem

199 3496 317 3570 miscet,
333 3497 452 3572 gladios
462 3505 520 3557 tam
531 3495 763 3571 percussoribus
781 3516 871 3572 quam
886 3497 1066 3572 legionibus
1082 3502 1169 3567 tradit

164 3698 280 3740 Α
