2438 3968
140 259 203 329 lbi
318 264 350 324 L.
372 265 520 325 ANNAEI
537 266 713 326 serdicae
731 265 834 326 omi..
854 263 920 323 Vll.

142 407 209 477 irtio
225 411 312 474 nimis
329 412 416 474 dives
432 413 579 487 videatur,
600 417 712 490 quibus
724 415 894 474 Demetrius
909 414 1042 493 cynicus
1058 432 1112 489 pa-

141 511 208 558 roto
229 511 345 573 ttouper
362 505 430 559 esti
450 499 548 558 vinam
567 501 747 558 acenimum
765 507 797 557 et
815 506 922 558 contra
942 499 1045 559 omnia
1060 516 1111 559 na-

142 585 226 643 btrtto
241 579 394 641 desideria
408 590 601 657 pugnantem,
623 583 683 643 boc
696 581 910 657 pauperiorem
924 598 1018 658 quarn
1034 590 1129 642 cete-¹

141 677 193 725 tort
208 662 350 742 Cynicos,
367 666 459 741 quod,
476 681 544 726 cum
556 666 614 726 sibi
625 665 813 727 interdixerit
821 665 944 739 babere,
959 665 1114 726 interdixit

141 752 171 809 at
187 761 325 825 rttrrooro,
342 756 453 825 negent
468 749 542 811 satis
564 766 663 824 egere.
684 750 772 809 vides
791 748 893 809 enirnt
914 766 976 809 non
994 751 1113 810 virtutis

142 829 306 904 trinutum,
323 833 378 893 sod
394 833 537 908 egestatis
550 834 712 908 protessus
726 841 783 894 est

111 908 122 967 i
203 912 278 975 iiiii.
302 912 482 989 bladorum,
502 916 686 992 Epicureum
706 915 940 992 philosophum,
963 917 1015 993 qui
1036 916 1131 992 intra¹

142 1010 258 1075 ttouoort
274 996 339 1059 tllos
355 998 446 1060 tinem
460 1000 541 1060 vitoe
556 1016 632 1061 suae
648 1017 739 1061 manu
752 1017 810 1060 sua
828 1000 980 1074 inposuit,
1000 1008 1114 1074 negant

140 1094 177 1143 tit
195 1078 317 1145 ttooroto
338 1081 461 1159 llplcuri
481 1084 602 1159 iecisse,
624 1085 707 1158 quod
727 1085 785 1144 sibi
804 1085 906 1158 gulam
926 1085 1112 1158 praesecuit.

139 1161 188 1225 ttltl
205 1162 385 1228 ‹torrrouttonr
402 1167 496 1228 rideri
512 1170 617 1229 volunt
632 1169 742 1229 lactum
755 1167 816 1227 boc
829 1167 907 1242 cius,
927 1167 979 1228 alii
993 1169 1113 1227 temeri·

139 1251 244 1311 toton·
268 1247 316 1311 illo
327 1246 444 1312 lutorlnn
458 1249 566 1313 beatus
581 1268 618 1312 ac
630 1254 737 1327 plenus
748 1250 830 1311 bona
841 1251 1030 1312 conscientia
1043 1252 1113 1311 red·

139 1326 214 1393 ‹ttttt
229 1330 286 1393 tlbl
308 1333 510 1396 toatlutonium
531 1337 593 1396 vita
614 1337 767 1395 excedens
787 1335 982 1411 laudavitque
1004 1335 1112 1397 aetatis

140 1411 168 1476 bt
197 1420 275 1479 totttt
291 1424 320 1481 ot
336 1419 373 1480 tttl
391 1435 535 1482 aureorum
551 1427 636 1480 actae
657 1419 787 1495 quietern
803 1425 833 1477 et
848 1419 931 1491 dixit,
950 1420 1034 1495 quod
1053 1436 1111 1479 vos

140 1497 187 1560 btv
202 1497 221 1563 tt
237 1500 373 1572 otttlbtla,
389 1504 478 1582 <quasi
493 1504 581 1565 robis
597 1519 719 1580 quoque
735 1503 904 1563 laciendum
920 1504 973 1562 sit:

263 1584 333 1649 l'trt'
347 1593 377 1649 ot
387 1604 471 1665 prtem
485 1590 610 1650 dederm
621 1605 740 1649 cursam
748 1588 874 1660 fortuna
882 1591 997 1662 percpi.

108 1662 125 1723 Ι
141 1662 184 1727 tto
200 1666 321 1731 tritorbtr
338 1670 406 1743 rita,
422 1672 460 1732 do
475 1673 598 1733 alterius
613 1680 708 1733 morte
719 1671 881 1746 disputatis
897 1678 928 1731 et
944 1671 1110 1732 adnomen

141 1763 317 1823 tttttxttorttru
333 1754 372 1815 ob
389 1756 520 1831 aliquam
535 1757 674 1818 eximiam
688 1757 807 1816 landem
817 1755 959 1827 virorum,
976 1755 1057 1815 sicut
1073 1755 1110 1816 ad

141 1846 301 1896 oootrrruur
317 1837 487 1911 ignotorum
502 1839 655 1900 hominum
672 1840 776 1900 minuti
791 1853 893 1910 canes,
907 1839 1034 1899 latratis.
1058 1853 1111 1899 ex·

142 1914 224 1993 prodit
235 1917 312 1979 enlm
325 1920 413 1982 vobis
426 1922 574 1982 neminem
588 1925 683 1983 videri
698 1923 818 1996 bonurn,
833 1919 923 1996 quasi
938 1920 1038 1981 aliena
1052 1923 1112 1982 vir·

140 2007 188 2063 tur
204 2001 398 2079 exprobratio
414 2005 590 2065 delictorum
607 2007 738 2067 omniurn
754 2008 802 2067 sit.
833 2002 931 2065 Invidi
947 2005 1111 2080 splendida

142 2099 209 2156 curu
226 2086 368 2147 sordibus
383 2090 493 2150 vestris
509 2090 653 2150 consertis
673 2107 729 2150 nec
744 2091 924 2163 intellegitis,
945 2096 1059 2163 quanto
1081 2090 1112 2150 id

140 2175 243 2231 veelro
259 2170 435 2233 detrimento
451 2173 597 2233 audeatis.
627 2190 696 2233 nam
711 2175 737 2235 si
756 2173 807 2245 illi,
829 2174 881 2249 qui
900 2172 1041 2233 virtutem
1063 2189 1111 2232 se

142 2262 287 2331 quuntur,
307 2257 403 2328 avari,
425 2257 592 2331 libidinosi,
615 2257 828 2334 ambitiosique
849 2263 934 2328 sunt,
958 2257 1032 2330 quid
1054 2272 1111 2317 vos

102 2339 228 2410 testis,
251 2339 361 2415 quibus
382 2341 482 2415 ipsum
503 2358 613 2402 nomen
640 2343 756 2403 virtutis
784 2341 854 2403 odio
875 2347 943 2402 esti
986 2340 1111 2415 Negatis

142 2440 323 2500 quemquam
342 2433 513 2500 praestare,
537 2443 616 2501 quae
636 2427 796 2500 eloquitur,
817 2438 875 2484 nee
895 2425 1112 2498 adexernplar

141 2509 286 2569 orationis
301 2525 375 2570 suae
390 2510 508 2569 vivere=
535 2510 608 2585 quid
623 2511 738 2582 mirum,
755 2526 822 2570 cum
835 2510 1000 2584 loquantur
1014 2508 1110 2581 tortia,

140 2593 286 2668 ingentia,
318 2593 416 2654 omnis
443 2594 591 2654 humanas
611 2600 806 2668 tempestates
827 2592 1009 2652 evadentia?
1043 2607 1111 2652 curn

140 2678 267 2751 refigere
282 2693 317 2736 se
338 2677 478 2738 crucibus
498 2685 653 2750 conentur,
674 2677 704 2736 in
721 2693 799 2752 quas
823 2676 1039 2751 unusquisque
1059 2691 1110 2734 ve·

140 2768 234 2821 strum
251 2762 354 2822 clavos
370 2777 445 2822 suos
460 2761 527 2836 ipse
538 2761 637 2822 adicit.
671 2761 711 2821 ad
726 2760 909 2837 supplicium
930 2765 1029 2818 mmcn
1053 2758 1111 2819 acti

140 2845 291 2921 stipitibus
306 2847 434 2920 singulis
451 2846 599 2920 pendent:
621 2844 661 2919 bi,
678 2845 773 2920 quiin
789 2861 823 2905 se
837 2842 898 2920 ipsi
909 2843 1043 2902 animum
1058 2842 1110 2901 ad·

139 2936 267 3003 vertunt,
284 2938 358 3004 quot
372 2929 587 3004 cupiditatibus
603 2936 647 2990 tot
667 2929 808 2990 crucibus
824 2925 1040 2999 distrahuntur,
1060 2932 1112 2986 aut

139 3014 277 3075 maledici
291 3015 321 3073 in
337 3014 466 3073 alienam
482 3014 693 3073 contumeliam
704 3013 829 3073 venusti
844 3017 922 3072 sunt.
955 3009 1110 3070 crederem

140 3097 197 3158 illis
213 3099 272 3160 hoc
286 3113 405 3169 vacare,
421 3097 479 3157 nisi
496 3097 619 3172 quidam
634 3113 673 3156 ex
684 3097 819 3170 patibulo
832 3110 908 3156 suos
920 3100 1110 3169 spectatores

140 3189 352 3256 conspuerent.

109 3270 124 3323 l
201 3265 264 3325 XX.
304 3266 388 3339 „Non
416 3273 573 3342 praestant
603 3263 780 3338 philosophi
810 3278 889 3337 quae
915 3263 1109 3336 loquuntur.“

138 3346 264 3409 Multum
284 3355 383 3409 tarnen
404 3356 556 3424 praestant
575 3348 658 3424 quod
677 3349 857 3422 loquuntur,
879 3345 963 3421 quod
981 3345 1109 3405 honesti

139 3439 239 3492 mente
253 3433 441 3509 concipiunt:
463 3437 576 3494 utinam
592 3431 713 3507 quidem
730 3431 779 3504 [si]
796 3437 826 3490 et
840 3429 925 3504 paria
940 3429 1028 3490 dictis
1040 3444 1109 3504 age·

137 3522 219 3577 rent!
244 3517 317 3593 quid
332 3525 415 3577 esset
429 3517 486 3577 illis
500 3517 639 3576 beatiust
659 3514 777 3574 interim
797 3529 858 3574 non
877 3512 1021 3588 estquod
1037 3527 1107 3574 con·
