2438 3968
146 249 167 311 6
189 250 289 309 blot.
299 251 321 308 l.
340 249 472 324 pulei:
484 250 630 325 Attolle
641 249 874 312 lltcollltoon
886 249 1000 311 BONIS
1012 249 1121 310 VIRIS

103 412 137 464 10
146 401 223 460 inter
242 399 346 459 ruinas
369 398 506 473 publices
527 405 652 458 rectum.
696 398 813 473 „Licet,
835 400 947 475 inquit,
974 399 1075 461 omnia
1095 417 1127 460 m

145 483 236 543 unius
252 483 397 543 ditionem
412 483 635 556 concesserint,
657 484 868 545 custodiantur
881 485 1055 559 legionibus·
1066 493 1125 546 ter·

144 581 213 640 rae,
235 566 388 628 classibus
401 567 510 640 maria,
529 567 730 628 Caesarianus
747 575 852 642 portas
865 568 953 629 miles
969 568 1126 630 obsideat=

146 652 219 712 Cato
239 667 299 727 qua
320 657 410 711 exeat
429 651 528 712 habet.
550 667 611 711 una
625 667 716 712 manu
729 654 823 712 latam
835 653 963 713 libertati
986 653 1064 712 viam
1081 653 1095 710 l
1114 687 1125 694 -

145 735 213 796 ciet.
240 738 353 796 ferrum
367 736 465 809 istud,
485 736 575 796 etiam
591 735 670 796 civili
689 737 770 797 bello
786 753 895 812 purum
911 745 941 797 et
957 738 1124 810 innoxium,

144 821 244 882 bonas
264 819 387 882 tandem
408 835 444 879 ac
466 821 584 880 nobiles
606 821 677 880 edet
690 835 817 895 operas=
850 820 1018 896 libertatem
1033 837 1125 896 quom

145 906 261 981 patriae
276 922 337 966 nou
353 904 458 979 potuit,
478 903 583 964 Catoni
605 903 696 964 dabit.
725 906 918 981 Adgredere,
937 907 1049 978 anime,
1071 905 1125 964 diu

144 989 320 1051 meditatum
336 1003 431 1062 epae,
450 986 536 1063 eripe
549 995 579 1048 te
592 989 684 1048 rebus
700 988 849 1049 humanis.
871 987 930 1048 iam
944 989 1081 1049 Petreius
1096 997 1127 1050 et

144 1074 219 1134 Iuba
234 1077 491 1134 concucurrerunt
511 1072 671 1148 iacentque
687 1073 762 1133 alter
777 1073 902 1134 alterius
921 1089 1013 1133 uranu
1031 1074 1125 1134 caesi.

144 1157 232 1218 fortis
247 1164 277 1218 et
291 1156 414 1231 egregia
429 1155 481 1217 lati
493 1157 669 1228 conventio,
692 1157 747 1216 sed
764 1172 847 1231 quae
861 1173 922 1218 nou
941 1159 1049 1218 deceat
1061 1173 1127 1216 ma·

145 1241 332 1316 gnitudinem
345 1247 490 1301 nostram.
513 1247 572 1300 tam
585 1248 674 1316 turpe
689 1249 736 1302 est
751 1239 856 1302 Catoni
870 1249 996 1302 mortem
1009 1242 1046 1301 ab
1061 1243 1128 1302 ullo

103 1334 251 1400 ltpeterc
268 1341 358 1401 quam
373 1326 497 1386 vitam.“
528 1323 638 1400 Liquet
651 1324 722 1384 milri
743 1339 811 1385 eum
832 1341 941 1400 magno
963 1334 1126 1400 spectasse

145 1411 257 1486 gaudio
273 1411 366 1484 deos,
388 1410 523 1470 dumille
538 1408 597 1482 vir,
614 1409 779 1469 acerrimus
795 1410 842 1469 sui
856 1411 985 1482 vindex,
1007 1410 1125 1469 alienae

144 1497 234 1557 saluti
251 1493 382 1555 consulit
392 1502 422 1554 et
433 1494 554 1554 instruit
568 1493 788 1554 discedentium
803 1495 921 1570 lugam,
940 1494 1011 1554 dum
1024 1494 1125 1555 studia

145 1579 234 1642 etiam
249 1586 340 1640 nocte
354 1579 457 1639 ultima
471 1585 593 1652 tractat,
611 1578 682 1637 dum
694 1577 826 1652 gladium
843 1593 935 1638 sacro
947 1579 1062 1653 pectori
1080 1578 1125 1637 in·

145 1665 222 1739 tigit,
241 1665 312 1724 dum
334 1663 453 1722 viscera
468 1662 585 1738 spargit
600 1669 629 1723 et
649 1662 729 1721 illam
750 1663 972 1723 solidissimam
993 1663 1124 1722 animam

102 1755 137 1808 12
145 1747 361 1822 indignamque
374 1762 454 1821 quae
465 1747 544 1806 ferro
556 1745 817 1818 contaminaretur,
829 1762 920 1807 manu
928 1746 1038 1806 educit.
1051 1746 1127 1812 lude

137 1829 325 1899 ‚crediderim
338 1831 434 1890 luisse
447 1846 552 1905 parum
565 1836 679 1889 certum
690 1836 720 1888 et
731 1830 841 1888 cificax
853 1831 979 1890 volnus:
996 1847 1056 1890 non
1069 1831 1126 1891 luit

145 1915 192 1974 dis
208 1914 418 1974 inmortalibus
432 1914 506 1974 satis
518 1920 661 1989 spectare
672 1911 815 1973 Catonem
831 1915 936 1973 semel.
958 1922 1075 1974 retenta
1088 1930 1126 1973 ac

144 2005 289 2059 revocata
302 1997 398 2059 virtus
416 2004 478 2070 est,
500 2004 533 2057 ut
549 1998 579 2055 in
601 1995 771 2057 difficiliore
786 2004 873 2072 parte
889 2013 924 2057 se
939 1998 1124 2057 ostenderet.

145 2099 205 2143 non
221 2083 299 2142 enim
315 2090 376 2144 tam
387 2096 498 2156 magno
513 2079 614 2141 animo
629 2095 712 2139 mors
729 2081 850 2141 inicitur
864 2097 953 2155 quam
967 2081 1125 2157 repetitur.

145 2167 255 2240 Quidni
276 2166 405 2226 libenter
426 2172 601 2241 spectarent
623 2165 774 2224 alumnum
794 2181 883 2225 suum
903 2172 964 2225 tam
983 2168 1065 2226 claro
1088 2181 1126 2225 ae

143 2251 330 2315 memorabili
339 2250 632 2311 exitucvadentemt
643 2265 725 2309 mors
736 2249 804 2310 illos
815 2257 982 2326 consecrat,
996 2266 1124 2324 quorum

146 2336 258 2396 exitum
274 2344 304 2396 et
319 2336 369 2409 qui
384 2335 488 2395 timent
503 2334 634 2393 laudant.

115 2426 131 2479 1
204 2420 255 2479 lll.
275 2418 348 2480 Sed
366 2417 438 2478 iam
455 2417 691 2493 procedente
709 2419 888 2478 oratione
907 2418 1125 2494 estendam,

145 2520 254 2578 quam
275 2518 346 2563 non
363 2503 440 2562 sint
460 2517 555 2577 quae
575 2500 885 2563 videnturmala=
908 2517 1007 2561 nunc
1025 2501 1123 2561 illud

145 2589 245 2659 dico,
267 2587 342 2648 ista
363 2593 508 2661 quaetu
526 2601 817 2662 vocasaspera,
841 2585 1125 2661 quaeadversa

144 2679 182 2732 et
209 2671 481 2742 abominanda,
512 2670 671 2746 primum
699 2687 768 2746 pro
796 2669 898 2745 ipsis
928 2685 1015 2730 esse
1039 2669 1123 2744 qui-

144 2755 213 2816 bus
236 2755 436 2827 accidunt,
466 2753 605 2814 deinde
629 2771 696 2829 pro
717 2755 933 2826 universis,
964 2770 1121 2829 quorum

143 2839 262 2900 maior
277 2839 339 2900 dis
357 2855 449 2900 cura
467 2854 576 2914 quam
596 2839 841 2914 singulorum
860 2846 926 2898 est.
949 2838 1123 2913 posthoc

144 2924 366 2987 volentibus
387 2922 573 2983 accidere
594 2938 637 2982 ac
658 2924 799 2998 dignos
821 2923 917 2981 malo
946 2937 1052 2994 esse,
1089 2923 1121 2982 si

143 3009 276 3069 nolint.
320 3007 386 3068 His
408 3007 572 3068 ediciam
593 3009 673 3068 lato
700 3008 776 3067 ista
797 3005 858 3078 sie
879 3013 915 3067 et
936 3013 1038 3066 reete
1059 3021 1124 3065 ea-

143 3093 223 3152 dem
245 3091 331 3169 lego
358 3092 476 3152 bobis
498 3091 656 3151 evenire
685 3108 757 3167 qua
778 3097 866 3151 sunt
892 3091 992 3151 boni.
1035 3090 1124 3149 Per—

142 3175 316 3238 suadebo
334 3175 579 3248 deindetibi,
601 3190 647 3233 ne
665 3191 841 3251 umquam
857 3175 947 3234 boni
964 3175 1036 3234 viri
1053 3177 1121 3233 mi·

143 3259 334 3322 serearis=
357 3267 459 3336 potest
474 3259 553 3320 enim
568 3259 661 3319 miser
675 3259 749 3334 dici,
772 3273 832 3320 non
847 3266 951 3335 potest
965 3273 1045 3320 esse.

114 3352 132 3409 2
206 3343 419 3405 Difficillimum
435 3361 473 3406 ex
489 3343 629 3405 omnibus
645 3359 725 3419 quae
739 3344 886 3419 proposui
903 3344 1021 3403 videtur
1038 3343 1120 3417 quod

142 3428 304 3505 primum
325 3428 422 3501 dixi,
445 3444 513 3504 pro
534 3426 636 3503 ipsis
658 3443 747 3488 esse
769 3429 911 3503 quibus
933 3427 1124 3508 eueniunt

142 3512 231 3587 ista,
253 3529 349 3590 quae
368 3512 566 3575 horremus
585 3526 627 3572 ac
646 3512 850 3573 tremimus.
882 3512 960 3587 „Pro
976 3510 1052 3586 ipsis
1065 3519 1122 3586 est,

216 3730 299 3741 -ι
