2438 3968
182 223 226 287 50
475 225 509 282 L.
530 224 675 286 Annam
693 224 868 286 SENECAE

183 378 214 438 lc
228 390 297 436 enm
308 376 403 436 iratus
418 376 488 436 duci
508 375 653 436 iussisset
669 391 755 448 enm,
776 375 829 452 qul
849 392 889 436 ex
904 346 1081 438 commeatu
1100 376 1165 439 sine

185 460 388 521 commilitone
400 460 546 532 redierat,
569 460 658 534 quasi
676 459 879 520 interfecisset
893 474 986 537 quem
997 477 1066 521 non
1081 462 1164 523 exlrl·

98 618 101 623 ⁸
182 544 291 617 bebat,
308 544 428 619 nogenti
440 551 562 619 tempus
577 543 703 618 aliquod
719 544 758 603 ad
774 542 1018 618 conquirendum
1034 562 1101 607 non
1115 546 1164 607 de

184 629 236 687 dit
258 628 418 688 damnatus
433 637 519 688 extra
529 628 640 687 vallum
653 629 822 702 productus
834 636 884 688 est
896 635 928 687 et
937 626 997 687 iam
1011 628 1164 690 ceruices

182 711 368 787 porrigebat,
383 728 451 771 curn
463 711 563 771 subito
577 711 718 786 adparuit
731 714 781 770 ille
796 711 956 772 commilito
972 712 1028 785 qui
1040 714 1165 775 accim

152 796 352 857 irridebatur.
380 798 463 855 Tune
485 797 621 855 centurio
642 796 794 870 supplicio
815 795 1012 870 praepositus
1028 796 1166 858 condere

183 879 316 954 gladium
337 880 562 953 speculatorem
580 879 679 952 iubet,
699 879 873 938 damnatum
892 878 932 938 ad
949 878 1101 941 Pisonem
1121 896 1164 941 re

183 964 267 1023 ducit
284 963 460 1023 reddimrus
480 963 582 1022 Pisoni
600 963 818 1022 innocentiam:
843 978 913 1021 nam
932 960 1019 1021 militi
1042 964 1165 1027 lortuna

182 1045 367 1106 reddiderat
399 1046 511 1120 ingenti
531 1061 685 1106 concursu
705 1046 897 1106 deducantur
916 1046 1064 1120 conplexi
1090 1050 1166 1109 atter

184 1132 309 1189 alterum
324 1142 393 1187 cum
405 1145 516 1204 magno
528 1131 643 1204 gaudio
654 1137 822 1189 castrorum
834 1130 1069 1192 commilitones.
1094 1148 1164 1195 con

184 1212 303 1272 scendit
315 1213 443 1273 tribunal
454 1214 635 1273 ltrrensPlso
647 1229 684 1272 ae
694 1214 776 1273 iubet
787 1213 857 1273 duci
868 1220 1164 1288 unumqueeteum

155 1296 303 1362 smilitem
320 1297 372 1371 qui
386 1313 447 1356 non
466 1297 622 1358 occiderat
639 1304 750 1357 eleum
767 1299 818 1372 qui
832 1312 893 1357 non
908 1298 1054 1371 perierat.
1085 1298 1163 1375 Quid

184 1379 242 1440 lroc
256 1380 431 1455 indignius?
450 1382 521 1456 quia
533 1398 615 1441 unus
630 1381 778 1440 innocens
793 1382 989 1455 adparuerat,
1011 1381 1081 1442 duo
1097 1396 1162 1460 per

183 1464 276 1523 ibant.
306 1463 377 1525 Piso
398 1465 510 1525 adiecit
527 1472 561 1525 et
579 1463 707 1526 tertium.
736 1481 805 1523 nam
825 1464 926 1539 ipsum
941 1466 1162 1539 centurionem

184 1549 235 1623 qui
256 1550 429 1608 damnatum
441 1540 627 1622 reduxerat,
646 1548 718 1607 daci
737 1547 835 1608 iussit.
861 1547 1018 1607 constituti
1039 1558 1117 1612 sunt
1136 1550 1162 1609 in

155 1633 289 1699 neodem
302 1633 353 1692 illo
365 1633 433 1692 loco
445 1632 568 1708 perituri
578 1640 642 1692 tres
654 1632 693 1692 ob
704 1632 795 1692 unius
807 1629 1020 1691 innocentiam.
1036 1632 1161 1711 liquam

184 1715 292 1774 sollers
308 1724 356 1776 est
368 1717 525 1776 iracundia
538 1717 578 1775 ad
593 1716 751 1791 tingendas
767 1731 878 1775 causas
891 1714 1017 1774 luroris!
1034 1718 1110 1791 „Te
1121 1717 1161 1778 in

184 1797 257 1870 quit,
270 1799 341 1858 duri
356 1799 457 1872 iubeo,
473 1800 544 1874 quia
558 1799 718 1858 damnatus
727 1815 773 1859 es.
793 1805 831 1873 te,
845 1798 918 1874 qnia
927 1801 1161 1862 causadamna·

184 1880 275 1940 tionis
289 1882 484 1941 commilitoni
499 1883 591 1941 luisti.
611 1876 652 1955 te,
666 1883 739 1957 quia
751 1882 858 1943 iussus
873 1881 1015 1942 occidere
1030 1884 1161 1961 impera·

183 1965 242 2024 tori
252 1980 314 2024 non
326 1966 484 2040 paruisti.“
496 1965 689 2040 Excogitavit
702 1966 955 2041 quemadmodum
967 1965 1027 2026 tria
1037 1968 1162 2029 crimine

185 2049 312 2121 iaceret,
329 2050 401 2123 quia
417 2049 530 2108 nullum
545 2049 709 2109 invenerat.

158 2144 173 2196 l
246 2130 324 2191 xlx.
352 2132 464 2205 Habet,
487 2133 623 2208 inquam,
644 2133 800 2192 iracundia
820 2133 879 2193 hoc
897 2131 986 2192 malta
1013 2149 1081 2195 non
1102 2136 1163 2197 vult

183 2213 258 2290 regi.
291 2215 430 2275 irascitur
450 2215 569 2276 veritati
590 2214 667 2291 ipsi,
689 2217 717 2276 si
739 2224 845 2276 contra
866 2218 1054 2292 voluptatem
1076 2234 1162 2281 suam

184 2299 333 2374 adparuit
353 2315 422 2359 curn
433 2301 565 2361 clamore
580 2306 610 2359 et
623 2302 750 2360 tumultu
764 2309 795 2361 et
807 2300 898 2360 totins
910 2301 1054 2375 corporis
1069 2301 1162 2365 iacta-

184 2382 265 2443 tione
281 2400 359 2459 quos
374 2384 551 2457 destinavit,
572 2384 740 2461 insequitur
761 2385 887 2444 adiectis
902 2384 1053 2447 conviciis
1066 2388 1161 2448 malo·

155 2467 344 2543 edictisque.
365 2468 432 2527 Hoc
446 2484 507 2527 non
523 2468 594 2527 lacit
606 2469 697 2528 ratio:
718 2468 775 2527 sed
790 2467 816 2526 si
830 2467 870 2527 ita
883 2484 963 2543 opus
981 2476 1046 2543 est,
1065 2470 1162 2531 silens

185 2551 348 2626 quietaque
368 2558 447 2610 totas
463 2552 572 2612 domus
587 2552 720 2612 lunditus
737 2551 812 2611 tollit
825 2559 855 2612 et
869 2552 997 2611 familias
1010 2553 1161 2629 reipubli-

184 2649 239 2693 cae
254 2635 431 2709 pestilentes
444 2651 511 2695 cum
522 2634 701 2710 coniugibus
713 2650 749 2694 ac
760 2634 862 2695 liberis
876 2635 981 2709 perdit
994 2641 1083 2698 tecta
1095 2638 1162 2713 lpse

184 2716 276 2778 diruit
294 2726 325 2777 et
345 2720 412 2779 solo
427 2726 579 2793 exaequat
592 2725 623 2779 et
635 2718 756 2778 inimica
769 2718 896 2778 libertati
911 2717 1036 2780 nomina
1049 2722 1161 2783 exstir

185 2807 250 2874 pat=
265 2800 324 2860 lroc
338 2819 399 2862 non
415 2803 559 2861 frendens
573 2816 631 2862 nec
646 2810 737 2877 caput
751 2818 904 2877 quassans
920 2817 977 2861 nec
993 2804 1162 2882 quicquam

184 2883 360 2946 indecorum
374 2884 466 2945 iudici
480 2886 604 2959 iaciens,
619 2887 705 2946 cuius
719 2893 782 2945 tum
793 2885 922 2945 maxime
934 2886 1079 2961 placidus
1091 2902 1162 2953 esse

154 2967 276 3030 ildebet
295 2974 325 3027 et
345 2969 375 3027 in
396 2975 477 3029 statu
497 2971 613 3040 voltus,
640 2985 708 3029 curn
730 2984 840 3044 magna
862 2969 1049 3044 pronuntiat.
1085 2968 1164 3045 (Md

183 3067 257 3126 opus
269 3058 328 3123 est,
347 3051 444 3125 inquit
457 3053 677 3131 Hieronymus,
698 3070 764 3114 cum
785 3057 855 3113 uelis
874 3055 1000 3114 caedere
1020 3058 1162 3133 altqrrem,

184 3141 235 3193 tao
245 3138 334 3209 priua
345 3137 432 3195 labra
446 3135 603 3197 mordere?
618 3136 709 3210 Quid,
724 3136 751 3195 si
766 3136 816 3195 ille
826 3137 955 3197 vidisset
965 3138 1162 3202 desilientem

185 3216 224 3277 de
246 3218 384 3277 tribunali
406 3222 618 3294 proconsulem
639 3226 669 3278 et
688 3221 789 3280 lasces
810 3221 905 3281 lictori
925 3222 1121 3285 auferentem
1134 3232 1163 3286 et

185 3310 303 3361 suamet
312 3303 490 3363 vestimenta
504 3304 707 3375 scindentem,
723 3303 794 3377 quia
808 3303 924 3365 tardius
939 3304 1165 3371 scindebantur

151 3382 303 3443 talienat
323 3385 401 3458 Quid
416 3402 495 3462 opus
509 3394 557 3447 est
570 3401 705 3445 mensam
720 3394 878 3447 averterer
891 3389 964 3462 quid
981 3392 1100 3464 pocula
1112 3392 1163 3454 ad·

187 3466 313 3541 digeret
338 3469 412 3543 quid
433 3484 468 3528 se
494 3469 524 3529 in
552 3471 708 3529 columnas
729 3471 907 3545 inpingeret
932 3473 1005 3547 quid
1028 3476 1161 3551 capillos
