2438 3968
134 259 195 322 140
310 266 344 325 L.
368 268 514 328 ΑΝΝΑΕΙ
536 270 717 332 SENACAE
736 273 840 333 btnb.
862 273 930 332 VII.

131 427 170 506 eo
186 413 317 489 quisque
331 417 369 476 ab
393 435 430 478 ea
451 420 572 496 longius
587 424 727 497 recedat,
750 442 811 500 quo
827 425 868 485 ad
881 425 963 485 illam
980 426 1108 497 concita·

131 503 201 591 turs¹
217 499 327 593 lemur,
352 503 378 560 si
405 502 454 561 via
477 505 584 579 lapsus
611 514 674 566 est:
703 524 784 583 quae
799 508 853 570 ubi
873 508 906 569 in
928 509 1109 569 contrarium

132 579 224 651 ducit,
239 598 308 656 ipsa
322 585 469 646 velocitas
484 589 609 650 maioris
622 591 773 652 intervalli
788 608 884 653 causa
899 592 944 653 lit.
954 593 1039 653 *Pro
1046 609 1109 668 po·

132 664 296 725 nendum
316 676 375 728 est
395 669 529 745 itaque
549 675 726 749 primurn,
749 676 842 750 quid
860 677 914 735 sit
958 677 1109 736 uodad·

133 752 317 821 petamus.
357 759 448 812 tunc
477 755 891 833 circumspiciendum,
923 778 1000 834 qua
1026 775 1108 821 con-

132 831 297 927 tendere
318 835 387 896 illo
409 839 616 900 celerrime
637 844 853 917 possimus,
880 842 1064 905 intellecturi
1082 845 1109 902 in

132 929 202 1010 ipso
219 923 341 989 itinere,
364 921 496 979 simodo
514 933 631 984 rectum
647 928 717 1000 crit,
742 934 888 1003 quantum
908 929 1024 988 cotidie
1045 943 1109 1002 pro·

133 997 256 1096 iligetur
276 1010 453 1078 quantoque
473 1008 603 1082 propius
625 1011 664 1069 ab
685 1026 722 1069 eo
745 1011 859 1080 simus,
886 1013 928 1071 ad
949 1012 1038 1086 quod
1057 1026 1110 1070 nos

104 1083 285 1156 saumones
301 1087 446 1147 naturalis
460 1087 587 1164 inpellit.
618 1092 768 1165 Quamdiu
784 1095 910 1170 quidem
924 1095 1046 1171 passim
1063 1110 1109 1152 va·

135 1181 242 1245 gamar
255 1186 316 1232 non
332 1170 440 1230 ducem
459 1174 565 1245 secuti,
587 1177 644 1235 scd
659 1178 809 1238 tremitum
824 1186 855 1238 et
869 1179 1038 1239 clamorem
1052 1177 1110 1237 dis·

134 1267 247 1323 sonam
267 1255 297 1315 in
318 1255 441 1316 diversa
459 1258 646 1332 vocantium,
671 1269 845 1322 conteretur
859 1263 923 1323 vita
936 1262 1018 1323 inter
1032 1278 1110 1322 erro·

133 1352 186 1400 res
210 1337 329 1414 brevis,
350 1340 467 1401 etiamsi
489 1342 555 1403 dies
576 1351 746 1421 noctesque
767 1346 869 1406 bonae
882 1347 979 1406 menti
995 1346 1110 1406 labore·

134 1439 220 1486 mus:
248 1425 429 1487 decernatur
447 1425 563 1500 itaque,
583 1434 614 1488 et
635 1445 695 1503 quo
715 1429 877 1491 tendamus
899 1437 931 1490 et
953 1446 1032 1506 qua,
1053 1445 1111 1488 non

136 1509 204 1574 sine
226 1510 322 1585 perito
339 1510 458 1584 aliquo,
481 1511 529 1571 cui
545 1513 704 1587 explorata
720 1514 782 1573 sint
794 1528 841 1586 ea,
853 1513 887 1571 in
905 1529 990 1588 quae
1006 1529 1110 1589 proce·

136 1591 262 1670 dimus}
273 1595 417 1671 quoniam
439 1595 560 1671 quidem
583 1613 642 1657 non
664 1597 770 1656 eadem
792 1597 843 1656 bic
860 1598 987 1670 quaein
1005 1597 1111 1658 ceteris

136 1677 432 1757 peregrinationibus
458 1680 596 1741 condicio
622 1688 682 1741 est:
709 1680 739 1739 in
760 1680 819 1740 illis
842 1696 1040 1756 conprensus
1061 1681 1112 1740 ati-

137 1763 207 1839 quis
223 1763 310 1824 limes
328 1773 358 1850 et
372 1763 545 1839 interrogati
560 1767 678 1826 incolae
694 1781 753 1825 non
770 1764 924 1839 patiuntur
942 1780 1057 1824 errare.
1084 1771 1113 1823 at

136 1847 199 1907 hic
235 1847 448 1909 tritissima
484 1865 660 1924 quaeqae
694 1849 755 1909 via
785 1855 822 1907 et
853 1847 1113 1908 celeberrima

110 1930 298 1996 amaxime
321 1931 480 2007 decipit.
513 1933 590 1993 Nihil
610 1949 683 2010 crgo
698 1932 795 2007 magis
816 1933 1039 2006 praestandum
1059 1939 1113 2003 est

139 2029 228 2090 quam
245 2030 283 2073 ne
299 2030 443 2090 pecorum
457 2017 516 2077 ritu
534 2033 700 2092 sequamur
715 2015 959 2078 antecedentium
979 2031 1112 2092 gregem,

138 2105 300 2176 pergentes
315 2115 375 2160 non
392 2117 453 2174 quo
470 2101 603 2162 eundum
617 2110 677 2175 est,
694 2101 750 2161 sed
766 2115 826 2175 quo
842 2100 908 2160 itur.
931 2100 1019 2176 atqui
1033 2100 1114 2159 nulla

137 2199 188 2245 res
203 2199 261 2244 nos
276 2183 441 2245 maioribus
457 2186 542 2245 malis
557 2186 689 2261 inplicat,
706 2201 795 2261 quam
811 2183 894 2257 quod
907 2183 948 2242 ad
959 2197 1114 2243 rumorem

139 2267 349 2343 conponimur,
364 2269 477 2344 optima
492 2269 548 2330 rati
562 2286 606 2342 ea,
623 2285 703 2345 quae
716 2283 826 2341 magno
839 2265 978 2326 adsensu
988 2273 1114 2341 recepta

140 2359 211 2414 sunt
221 2354 366 2429 quodque
377 2355 517 2428 exempla
526 2359 603 2430 [pro]
613 2354 699 2413 bonis
713 2353 804 2412 multa
816 2355 895 2422 suot,
904 2365 961 2410 nec
974 2350 1113 2422 adratio-

139 2453 209 2498 nem
227 2438 283 2497 sed
298 2439 337 2497 ad
358 2437 582 2498 similitudinem
600 2438 746 2498 vivimus.
768 2434 838 2495 inde
859 2436 916 2494 ista
937 2441 1023 2496 tanta
1044 2449 1113 2494 coa-

111 2522 275 2584 scervatlo
297 2523 425 2584 aliorum
448 2538 542 2597 super
562 2521 639 2582 alios
655 2521 815 2582 ruentium
844 2517 933 2591 Quod
958 2517 989 2577 in
1012 2524 1115 2592 strage

139 2605 295 2669 hominum
315 2622 426 2682 magna
447 2607 561 2678 evenit,
589 2605 749 2679 cumipse
774 2620 809 2662 se
834 2602 967 2676 populus
995 2601 1113 2678 premit,

140 2704 230 2752 nemo
244 2690 286 2752 ita
301 2691 395 2763 cadit,
417 2698 524 2751 utnon
545 2698 574 2750 et
589 2689 679 2749 alium
693 2688 723 2747 in
738 2703 774 2748 se
787 2685 939 2758 adtrahat,
963 2684 1115 2761 primique

140 2773 233 2835 exitio
246 2775 447 2850 sequentibus
463 2782 541 2847 sunt,
559 2773 618 2832 boc
633 2771 662 2831 in
678 2771 759 2831 omni
774 2771 835 2831 vita
850 2769 990 2828 accidere
1005 2769 1115 2829 videas

140 2856 225 2919 licet:
247 2873 337 2935 nemo
359 2858 417 2918 sibi
438 2857 643 2919 tantummodo
665 2862 761 2933 errat,
780 2854 837 2915 sed
851 2852 943 2913 alieni
957 2853 1072 2914 erroris
1087 2859 1116 2913 et

141 2959 235 3004 causa
249 2949 279 3002 et
292 2952 398 3004 auctor
412 2949 468 3002 est.
496 2949 587 3001 nocet
607 2939 685 2999 enim
700 2937 847 3013 adplicari
862 2935 1116 2997 antecedentibus

141 3034 171 3086 et
185 3029 255 3087 dum
270 3026 484 3102 unusquisque
500 3025 613 3084 mavult
623 3022 750 3082 credere
765 3036 854 3094 quam
865 3016 1012 3095 iudicare,
1029 3036 1115 3080 num·

143 3129 234 3185 quam
254 3113 293 3172 dc
314 3111 374 3170 vita
390 3108 555 3181 iudicatur,
575 3119 697 3181 semper
720 3104 850 3164 creditur
872 3111 1037 3179 versatque
1057 3119 1115 3164 nos

142 3202 172 3253 et
193 3195 372 3270 praecipitat
393 3194 518 3254 maditus
539 3208 595 3267 per
615 3204 724 3250 manus
745 3203 829 3247 error
849 3187 1021 3262 alienisque
1036 3188 1115 3263 peri·

112 3285 210 3339 amus
232 3278 395 3354 exemplis:
416 3276 603 3345 sanabimur,
627 3273 654 3334 si
675 3273 767 3333 modo
789 3285 968 3347 separemur
982 3288 1002 3331 a
1016 3279 1116 3331 coetu.

143 3377 223 3423 nunc
244 3377 316 3422 vero
337 3366 397 3422 stat
417 3368 523 3422 contra
538 3359 688 3420 rationem
703 3357 848 3417 delensor
861 3355 932 3415 mali
949 3355 998 3415 sui
1019 3370 1115 3431 popu-

142 3446 201 3507 lus.
234 3445 336 3519 itaque
359 3444 390 3503 id
411 3445 512 3505 evenit
534 3444 615 3518 quod
638 3442 668 3500 in
695 3440 838 3512 comitiis,
864 3438 894 3499 in
921 3437 1034 3513 quibus
1060 3454 1117 3499 eos

142 3524 241 3591 laotos
258 3526 332 3589 c'sse
345 3534 503 3603 praetores
521 3528 612 3588 iidem
628 3525 678 3601 qui
696 3526 796 3584 iecere
811 3521 969 3598 mirantur,
992 3537 1061 3582 cum
1082 3539 1117 3582 se
