2438 3968
251 255 301 314 DE
315 253 534 314 BREVITATE
548 252 677 329 yllna.
700 261 779 314 10—
789 263 830 314 12.
964 252 1026 316 207

58 421 164 480 geras,
188 402 214 463 si
236 420 297 462 non
313 403 434 475 subest,
457 403 540 478 quod
555 403 687 478 excipiat
700 420 736 472 ee
752 412 866 484 serpet,
892 406 937 466 sic
950 405 1026 467 nihil

57 490 151 548 refert
166 496 308 564 quantum
322 487 469 562 temporis
485 488 587 560 detur,
609 488 636 546 si
651 503 712 545 non
728 494 788 560 est,
804 483 856 547 ubi
871 489 1024 549 subsidat:

59 589 115 648 per
136 588 269 648 quassos
290 573 468 646 foratosque
488 571 605 630 animos
623 572 839 631 transmittitur.
875 573 1055 634 Praesensd

58 665 179 731 tempus
202 656 415 715 brevissimum
439 661 500 727 est,
525 655 603 715 adeo
626 654 764 730 quidem,
791 663 824 714 ut
843 656 1026 731 quibusdam

58 741 173 799 nullum
187 740 335 803 videatur.
355 739 384 798 in
400 755 492 798 cursu
506 738 586 798 enim
601 754 723 813 semper
737 745 798 813 est,
820 737 886 799 fluit
897 746 927 798 et
938 756 1024 814 prae-

39 893 41 895 .
58 825 207 898 cipitatur.
228 830 299 883 ante
313 821 507 883 desinitesse
520 838 610 898 quam
621 823 717 896 venit,
733 838 790 882 nec
801 823 898 897 magis
910 838 1026 882 morem

58 909 170 982 patitur
186 924 276 983 quarn
290 906 422 966 mundus
434 913 485 966 eut
496 905 611 980 sidera,
628 923 755 981 quorum
767 906 937 983 inrequieta
947 923 1025 966 sem-

57 1008 113 1066 per
126 991 248 1066 agitatio
265 1005 428 1065 numquam
442 989 471 1048 in
490 990 599 1050 codem
613 989 742 1065 vestigio
754 999 864 1051 manet.
895 990 1026 1052 Solum

58 1076 148 1156 igitur
169 1076 215 1135 ad
238 1080 452 1149 occupatos
468 1088 659 1148 praesens
675 1074 1025 1150 pertinettempus,

59 1160 143 1234 quod
165 1165 226 1217 tam
245 1159 340 1216 breve
360 1164 422 1230 est,
444 1165 479 1218 ut
498 1157 596 1232 adripi
614 1174 676 1218 non
699 1159 813 1233 possit,
834 1165 864 1218 et
877 1158 910 1218 id
924 1160 1026 1234 ipsum

57 1244 115 1302 illis
134 1243 278 1302 districtis
293 1241 323 1301 in
338 1242 433 1302 multa
447 1240 634 1302 subducitur.

121 1328 171 1386 XI.
204 1328 343 1400 Denique
361 1325 410 1385 vis
430 1326 509 1384 scire
530 1341 621 1400 quam
641 1342 702 1384 non
722 1326 774 1385 diu
790 1327 912 1385 vivant?
940 1327 1053 1391 vider

59 1427 166 1486 quarn
187 1411 348 1485 cupiant
368 1409 433 1469 diu
455 1409 597 1468 vivere.
633 1408 786 1484 Decrepiti
800 1424 891 1468 senes
912 1424 1026 1484 pauco-

57 1511 124 1554 rum
136 1511 282 1554 annorum
294 1493 503 1554 accessionem
515 1492 594 1552 votis
605 1493 786 1553 mendicant.
809 1495 943 1553 minores
953 1500 1027 1552 natu

57 1579 146 1652 ipsos
167 1594 237 1638 esse
259 1579 383 1651 fingunt.
418 1576 576 1636 mendacio
597 1577 656 1637 sibi
669 1576 861 1637 blandiuntur
875 1584 905 1636 et
918 1583 978 1635 tam
992 1578 1026 1634 li·

57 1664 165 1720 benter
188 1677 223 1721 se
243 1662 348 1722 lallunt
369 1677 458 1736 quam
481 1661 507 1720 si
529 1677 589 1720 una
604 1661 664 1720 late
678 1661 840 1736 decipiant.
874 1662 937 1720 lam
951 1677 1027 1720 vero

59 1746 211 1806 camillos
227 1746 328 1820 aliqua
341 1744 521 1805 inbecillitas
533 1745 721 1806 mortalitatis
733 1745 902 1816 admonuit,
922 1761 1025 1819 quem-

58 1830 223 1890 admodum
243 1834 391 1904 paventes
411 1829 591 1903 moriuntur,
618 1846 677 1889 non
694 1836 847 1905 tamquam
861 1835 972 1889 exeant
987 1830 1026 1888 de

57 1915 133 1986 vite,
155 1915 211 1973 sed
226 1921 381 1988 tamquam
396 1912 601 1973 extrahantur.
623 1915 732 1973 stultos
746 1915 902 1988 sciuisse,
920 1921 1025 1973 utnon

60 1999 203 2071 vixerint,
226 1997 379 2058 clamitant
400 2003 443 2070 et,
465 1997 491 2057 si
510 1998 602 2058 modo
626 1999 778 2056 evaserint
798 1998 902 2058 exilia
920 1997 1027 2056 valitu-

60 2081 145 2156 dine,
160 2082 191 2141 in
205 2082 266 2142 otio
279 2082 424 2141 victuros.
444 2089 516 2141 tunc
528 2098 619 2157 quern
631 2084 743 2141 frustra
754 2081 941 2156 paraverint,
959 2081 1026 2154 qui-

58 2165 116 2225 bus
137 2183 197 2226 non
216 2169 402 2239 fruerentur,
423 2181 512 2240 quam
528 2166 558 2224 in
573 2181 695 2226 cassum
710 2165 809 2226 omnis
825 2163 969 2224 ceciderit
983 2165 1024 2221 la-

57 2249 137 2323 bor,
159 2251 299 2324 cogitant.
339 2252 380 2309 At
401 2248 512 2324 quibus
535 2250 596 2309 vita
617 2250 723 2324 procul
745 2249 782 2308 ab
803 2250 883 2308 omni
903 2246 1055 2321 negotioa

58 2333 171 2406 agitur,
194 2333 298 2407 quidni
319 2334 456 2408 spatiosa
473 2333 533 2393 sit?
555 2333 626 2392 nihil
643 2349 682 2392 ex
696 2333 749 2392 illa
764 2332 935 2406 delegatur,
953 2330 1026 2389 nihil

58 2417 118 2474 alio
135 2423 226 2491 atque
240 2417 299 2476 alio
316 2417 482 2492 spargitur,
503 2417 574 2474 nihil
589 2417 660 2476 inde
674 2418 812 2476 fortunae
826 2415 966 2488 traditur,
982 2415 1026 2471 ni-

57 2499 101 2557 hil
122 2501 312 2574 neglegentia
332 2501 445 2572 interit,
474 2500 547 2560 nihil
569 2501 726 2575 largitione
748 2497 930 2571 detrahitur,
953 2497 1026 2557 nihil

60 2598 283 2657 supervacuum
299 2591 361 2642 est:
384 2591 461 2655 tota,
476 2593 509 2644 ut
519 2583 559 2643 ita
572 2584 685 2656 dicam,
700 2585 729 2641 in
742 2583 840 2642 reditu
852 2588 907 2641 est.
930 2598 1019 2656 quan

59 2669 253 2742 tulacumque
277 2667 380 2741 itaque
399 2668 520 2727 abunde
544 2667 657 2726 sulficit
676 2676 706 2727 et
725 2667 810 2740 ideo,
840 2666 1026 2742 quandoque

59 2751 181 2811 ultimus
196 2751 262 2810 dies
278 2749 407 2822 venerit,
430 2768 491 2810 non
505 2750 827 2825 cunctabitu1·sapiens
840 2752 883 2809 ire
896 2751 1025 2809 admor-

58 2845 118 2895 tem
135 2841 216 2894 certo
231 2835 338 2908 gradu.

120 2919 183 2977 XII.
212 2917 376 2991 Quaeris
397 2919 585 2990 tortasse,
609 2935 705 2993 quos
726 2925 938 2992 aucupatos
961 2936 1053 2990 κιο-ι

59 3009 164 3062 cem?
194 3018 255 3061 non
278 3003 424 3077 estquod
439 3017 487 3061 me
505 3005 588 3063 solos
604 3013 692 3076 putes
708 3004 825 3076 dicere,
848 3019 927 3076 quos
944 3001 1025 3061 aba·

59 3084 146 3146 silica
159 3087 276 3145 inmissi
292 3086 412 3145 demum
428 3101 520 3146 canes
532 3087 656 3159 eiciunt,
674 3103 751 3160 quos
764 3085 856 3145 autin
869 3085 1024 3146 suarides

58 3170 147 3229 turbe
161 3170 334 3245 speciosius
350 3169 421 3229 elidi
436 3169 529 3228 autin
544 3170 641 3229 aliena
654 3171 870 3243 contemptius
888 3186 966 3243 quos
979 3170 1025 3228 oi-

58 3253 128 3312 licia
150 3253 291 3315 domibus
316 3255 380 3315 suis
404 3260 547 3325 evocant,
575 3261 608 3312 ut
627 3254 734 3312 alienis
756 3255 871 3314 loribus
891 3255 1024 3324 inlidant‚

60 3343 152 3412 [quos]
174 3339 263 3398 hesta
277 3339 427 3414 praetoris
443 3338 545 3396 inlami
560 3337 643 3395 lucro
659 3345 689 3397 et
706 3339 891 3413 quandoque
908 3354 1024 3412 suppu-

58 3428 159 3481 raturo
186 3429 318 3483 exercet.
366 3422 616 3496 Quorumdam
650 3422 765 3480 otium
797 3429 1053 3498 occupatum

58 3514 135 3564 est:
159 3506 188 3565 in
206 3506 276 3567 villa
290 3515 341 3566 aut
354 3508 383 3565 in
397 3509 474 3583 lecto
488 3522 559 3578 suo,
576 3506 603 3564 in
617 3506 717 3565 media
728 3507 905 3582 solitudine,
921 3521 1024 3580 quam·
