2438 3968
194 253 323 316 LUDUS
338 254 389 314 ult
403 254 535 316 MORTE
550 255 714 318 CLAUDII.
739 263 869 319 13-15.
961 258 1022 322 275
1060 268 1063 272 ’

88 409 179 469 audio
200 409 336 483 iniquum
356 408 453 482 magis
469 408 628 469 videbatur
641 424 732 483 quam
751 424 873 468 novum.
910 411 955 468 lle
969 426 1021 485 ge-

86 509 126 553 ue
150 507 269 566 poenae
289 491 342 552 diu
363 492 549 566 disputatum
568 498 630 566 est,
655 491 728 565 quid
748 491 832 576 illurn
852 494 914 568 pati
929 510 1020 569 opor·

86 584 147 636 ret:
177 583 264 637 erant
285 576 336 649 qup
357 575 507 648 dicerent,
537 575 673 636 sinnius
694 576 775 649 [dcet]
798 576 956 636 dilaturam
977 579 1019 636 le⁴

86 666 182 732 ssent,
201 661 358 719 Tantalum
378 658 427 719 siti
446 660 626 734 periturum,
646 659 706 719 nisi
720 658 761 718 illi
776 668 1018 720 succurreretur·

86 760 126 804 on
141 759 286 817 umquam
300 741 469 819 Sisyphum
484 757 576 802 onere
590 740 720 803 relevari
727 748 747 817 ,]
763 741 926 818 aliquando
939 742 1019 803 lxio-

86 844 101 886 s
121 825 224 886 miseri
242 833 340 885 rotam
361 823 637 886 sufflaminandam.
678 825 744 886 Non
771 824 884 901 placuit
909 827 960 886 ulli
980 839 1052 893 ext

86 908 206 971 teribus
218 909 394 970 missionem
407 909 486 984 dari,
500 912 600 970 nevel
612 908 754 971 Claudius
766 924 910 985 umquam
922 909 1019 970 simile

86 1002 200 1055 iuraret.
235 993 350 1053 Placuit
364 1008 474 1053 novam
486 1009 618 1068 poenam
629 993 771 1054 constitui
783 993 911 1067 debere,
927 1010 1019 1054 exco-

86 1077 208 1137 landum
224 1077 264 1135 illi
280 1077 415 1136 laborem
430 1077 550 1138 inritum
566 1084 596 1136 et
618 1077 745 1137 alicuius
761 1078 932 1152 cupiditatis
948 1094 1018 1152 spe-

86 1176 130 1220 em
152 1161 218 1219 sine
242 1159 302 1219 fine
323 1165 353 1219 et
374 1158 494 1221 ellectu.
531 1161 606 1220 Tum
623 1162 745 1220 Aeacus
760 1160 842 1220 iubet
855 1162 937 1221 illum
952 1161 1019 1222 alea

85 1244 158 1303 dere
173 1250 299 1320 pertuso
316 1243 426 1302 fritillo.
456 1251 485 1304 et
500 1244 558 1303 iam
573 1253 718 1319 coeperat
734 1245 883 1318 fugientes
898 1260 1019 1319 semper

86 1343 188 1387 sscras
204 1342 351 1401 quaerere
365 1333 394 1385 et
407 1325 482 1387 nihil
497 1322 655 1403 proficere.

86 1413 117 1471 V.
135 1411 212 1471 Num
225 1413 356 1486 quotiens
369 1413 511 1473 missurus
525 1419 591 1473 erat
602 1420 758 1472 resonante
768 1413 885 1485 fritillo,
1034 1429 1050 1481 l

139 1495 268 1570 Utraque
281 1496 420 1556 subducto
431 1495 569 1572 sepiebat
581 1503 690 1557 tessera
702 1496 809 1569 fundo.

138 1580 265 1653 Cumque
278 1583 446 1641 recollectos
459 1582 584 1641 auderet
595 1584 707 1641 mittere
720 1584 793 1640 talos

136 1663 252 1723 Lusuro
264 1666 367 1724 similis
380 1680 495 1739 semper
507 1682 679 1740 semperque
688 1666 806 1739 petenti,

139 1747 286 1823 decepere
296 1749 394 1820 fidem.
418 1748 534 1823 resupit
545 1750 707 1823 (licitosque
716 1764 774 1823 per
787 1751 864 1822 ipsos

137 1832 249 1890 Fallax
263 1833 389 1891 adsiduo
403 1833 544 1892 dilabitur
559 1836 627 1892 oleo
638 1832 740 1905 furto:

137 1914 187 1974 Sic
200 1930 266 1974 cum
281 1918 340 1974 tum
353 1918 460 1975 summi
472 1922 633 1990 tunduntur
646 1917 775 1975 culmino
789 1917 900 1987 montis,

136 1997 236 2058 Inrita
249 1997 386 2074 Sisyphio
399 2002 553 2059 uoluuntur
564 2000 700 2075 pondero
713 2003 795 2060 collo.

86 2081 206 2154 dparuit
225 2082 325 2143 subito
347 2082 377 2143 C.
394 2082 506 2143 Caesar
527 2089 556 2143 et
576 2090 679 2156 petere
698 2083 780 2142 illurn
800 2083 828 2142 in
845 2079 1052 2152 servitutemp

86 2162 172 2237 tepit=
195 2166 335 2239 producit
348 2172 457 2238 testes,
480 2167 530 2241 qui
542 2167 624 2226 illum
640 2165 777 2226 viderant
790 2167 829 2226 ab
844 2166 894 2225 illo
906 2163 1020 2240 flagris,

86 2246 180 2321 rulis,
210 2249 347 2325 colaphis
369 2250 571 2325 vapulantem.
617 2249 818 2310 Adiudicatur
839 2248 869 2308 C.
888 2244 1021 2308 Caesari.

86 2344 167 2387 tesar
187 2330 270 2392 illum
290 2335 394 2394 Aeaco
411 2334 512 2394 donat.
544 2333 570 2394 is
585 2333 752 2393 Menandro
768 2331 874 2392 liberto
891 2346 947 2390 suo
964 2337 1022 2391 tra·

88 2409 145 2486 dit,
161 2422 194 2475 ut
207 2431 225 2474 a
239 2415 462 2490 cognitionibus
478 2424 571 2478 esset.

89 2507 168 2574 [nivi
186 2509 313 2562 CLAUDII
330 2512 475 2565 EXPLICIT
492 2511 687 2564 APOTHEOSIS
707 2511 828 2564 ΑΝΝΑΕΙ
847 2510 990 2564 SENECAE

412 2596 474 2647 rna
491 2593 667 2662 summu]
