2438 3968
144 278 198 337 Ab
220 274 405 340 MARCIAM
427 281 478 340 DE
496 279 795 341 CONSOLATIONE.
821 291 942 346 25-27.
974 281 1036 344 139

54 434 90 493 in
117 442 202 513 purte
227 433 330 494 ultimo
356 433 458 493 mundi
485 441 515 492 et
539 434 616 494 inter
642 433 845 508 paucissimos
864 443 966 510 gesta:
991 438 1036 497 tot

57 519 173 590 secula,
190 525 234 577 tot
247 524 379 578 aetatum
395 526 578 591 contextum,
592 517 711 589 seriem,
728 518 873 594 quicquid
886 536 1034 580 annorum

56 607 115 674 est,
131 600 202 660 ticet
213 601 324 661 visere.
350 602 421 661 licet
434 610 624 675 surrectura,
641 602 712 661 ticet
727 602 842 662 ruitura
856 619 951 678 regua
966 620 1035 679 pro-

57 684 180 760 spicere
200 692 229 744 et
250 701 426 760 magnarum
442 686 561 747 urbium
575 687 682 761 lapsus
706 695 736 746 et
748 686 841 746 maris
855 702 953 746 novos
968 705 1034 747 cur-

57 785 124 829 sus.
146 768 220 828 Nem
236 768 262 828 si
277 769 330 829 tibi
342 776 444 842 potest
456 770 565 829 solatio
579 785 649 829 esse
662 770 806 830 desiderii
819 772 861 830 tui
876 781 1068 835 communen

57 854 167 923 tatum,
189 853 262 912 nihii
278 870 340 926 quo
356 860 416 913 stat
436 854 504 913 loco
520 852 626 927 stabit,
647 855 749 914 omnio
763 862 878 915 sternet
892 855 1035 915 abducet-

58 952 120 1011 que
136 941 264 1010 [secum]
281 944 428 998 vetustas.
452 953 510 996 nec
525 936 697 997 hominibus
713 940 821 1010 sotum,
836 946 945 1015 (quota
956 939 1036 998 enim

57 1022 118 1081 ista
133 1021 273 1080 fortuitae
286 1021 441 1096 potentiae
459 1021 557 1096 portio
573 1027 659 1092 estt)
678 1023 734 1081 sed
752 1023 844 1096 locis,
861 1022 918 1082 sed
934 1022 1034 1098 regio·

58 1104 165 1176 nibus,
188 1104 244 1164 sed
265 1104 369 1165 mundi
392 1104 527 1178 partibus
550 1105 643 1165 ludet.
673 1115 716 1166 tot
730 1108 902 1182 supprimet
915 1114 1035 1167 montes

56 1197 88 1249 et
110 1187 182 1248 atibt
201 1205 294 1263 rupes
317 1189 346 1248 in
371 1191 462 1248 altum
482 1205 579 1249 novas
597 1191 754 1264 exprimet.
781 1193 875 1250 maria
890 1190 1036 1265 sorbebit,

57 1270 184 1333 flumina
207 1280 323 1333 avertet
346 1282 375 1333 et
395 1273 579 1334 commercio
600 1274 732 1347 gentium
753 1285 843 1350 rupto
859 1275 1034 1335 societatem

58 1357 180 1432 generis
196 1357 319 1416 humani
334 1365 518 1431 coetumque
530 1358 687 1417 dissolvet.
709 1359 780 1418 alibi
794 1359 926 1418 hiatibus
938 1356 1035 1417 vastis

58 1440 211 1502 subducet
224 1441 326 1514 urbes,
342 1439 524 1500 tremoribus
540 1440 655 1515 quatiet
669 1449 697 1499 et
715 1458 753 1500 ex
770 1443 872 1501 intimo
890 1439 1035 1518 pestiten-
1094 1457 1096 1462 ·

57 1533 105 1585 tes
127 1525 238 1584 balitus
259 1524 354 1585 mittet
381 1531 411 1583 et
436 1522 686 1584 inundationibus
713 1524 859 1602 quicquid
884 1525 1036 1585 habitetur

58 1609 193 1668 obducet
212 1609 395 1683 necabitque
417 1621 507 1666 omne
522 1608 632 1667 animal
649 1608 723 1668 orbe
738 1610 899 1670 submerso
915 1618 945 1670 et
961 1607 1036 1684 igni·
1096 1641 1099 1653 -

57 1693 116 1751 bus
132 1693 228 1752 vastis
248 1691 375 1753 torrebit
390 1690 594 1766 incendetque
609 1693 755 1752 mortalia.
784 1701 814 1752 et
830 1709 899 1753 cum
914 1701 1035 1768 tempus

57 1775 230 1851 advenerit,
253 1794 313 1852 quo
332 1792 366 1835 se
384 1775 516 1834 mundus
531 1785 733 1836 renovaturus
751 1777 940 1852 exstinguat,
962 1777 1031 1836 viri·

56 1861 116 1919 bus
140 1860 197 1920 ista
220 1878 255 1923 se
275 1861 341 1921 suis
363 1860 492 1919 caedent
513 1866 543 1919 et
556 1859 658 1919 sidera
673 1862 825 1922 sideribus
837 1862 992 1922 incurrent
1005 1868 1036 1922 et

57 1944 140 2004 omni
154 1943 302 2020 flagrante
316 1943 443 2004 materia
457 1960 519 2003 uno
532 1943 602 2019 igne
617 1944 763 2020 quicquid
778 1962 858 2005 nunc
873 1962 912 2004 ex
927 1946 1033 2021 dispo·

57 2028 116 2088 sito
133 2028 220 2104 lucet,
238 2029 365 2090 ardebit.
388 2027 452 2088 Nos
471 2043 594 2102 quoque
609 2029 714 2089 retices
729 2029 847 2090 animae
865 2036 895 2089 et
910 2022 1065 2090 aeterna?

58 2113 197 2186 sortitae,
222 2130 290 2174 cum
311 2114 369 2172 deo
392 2111 492 2171 visum
514 2111 570 2171 erit
590 2112 696 2172 iterum
718 2113 777 2173 ista
793 2113 905 2188 moliri,
929 2113 1032 2174 taben-

55 2196 137 2256 tibus
158 2199 275 2257 cunctis
297 2204 326 2257 et
345 2196 433 2274 ipsae
454 2211 550 2271 parva
570 2196 676 2256 ruinae
696 2198 825 2273 ingentis
846 2198 986 2258 accessio
1001 2197 1032 2255 in

56 2281 182 2355 antiqua
205 2283 354 2342 elementa
370 2286 553 2340 vertemur.“
579 2280 709 2339 Felicem
726 2262 820 2341 fitted
834 2290 932 2354 tuum,
953 2280 1033 2340 Mar-

57 2366 113 2437 cia,
130 2365 181 2439 qui
197 2366 256 2425 ista
271 2366 331 2425 iam
347 2365 444 2424 novit!

435 2561 645 2570 ---.--—-—-

344 2719 377 2798 b.
403 2716 543 2807 titttt
575 2717 745 2800 intuetu

209 2854 779 2960 ttttttttttttttttttttttttt
808 2860 887 2955 Vii.

362 3005 417 3056 nu
456 3006 728 3066 entttounu

405 3136 447 3202 ur
465 3135 546 3202 turn
564 3134 684 3203 uuirt.

87 3382 122 3442 l
145 3384 271 3459 Vivere,
294 3386 389 3446 Gallio
412 3389 518 3457 irater,
543 3402 649 3447 omnes
670 3388 759 3446 beate
779 3381 971 3461 voluut'sed
991 3388 1061 3448 adl

56 3466 294 3544 pervidendum,
317 3469 389 3546 quid
415 3470 454 3530 sit
478 3473 561 3547 quod
582 3471 701 3531 beatam
715 3471 806 3532 vitam
822 3470 944 3546 efficiet,
960 3473 1031 3531 eali-

55 3550 308 3628 gant.f'f.adeoque
323 3571 383 3614 non
405 3564 454 3615 est
473 3557 562 3616 tacite
577 3556 726 3633 consequi
739 3556 859 3616 beatum
873 3556 979 3628 vitum,
1001 3561 1034 3615 ut
