2438 3968
204 258 267 324 288
482 259 515 322 L.
537 257 682 316 ANNAEI
706 257 880 318 SENECAE

205 413 261 473 sed
276 427 348 471 mox
366 411 416 484 [de
431 409 525 486 Sulla]
545 423 769 482 consequemur
787 407 942 482 quomodo
957 407 1101 469 hostibus
1118 407 1171 468 ira·

206 496 352 558 scendum
378 495 432 564 sit,
464 493 569 567 utique
591 492 616 551 si
641 492 672 551 in
704 491 814 550 hostile
835 506 945 551 nomen
968 491 1055 552 cives
1081 500 1111 551 et
1137 508 1172 552 ex

174 580 315 649 aeodem
329 592 459 652 corpore
473 575 592 650 abrupti
605 573 787 635 transierint.
815 574 936 634 Interim
954 574 1014 635 hoc
1031 576 1117 649 quod
1132 577 1173 636 di·

206 663 312 724 cebam
333 661 490 722 clementIa
507 658 612 733 eflicit,
635 666 667 719 ut
686 674 827 734 magnum
848 659 1052 733 interregem
1073 668 1171 738 tyran·

206 762 337 822 numque
359 743 520 804 discrimen
543 743 596 815 sit,
620 750 749 817 uterque
772 743 842 803 licet
869 757 930 801 non
955 743 1057 803 minus
1082 743 1170 805 armis

205 831 340 891 valletur.
372 828 429 887 sed
448 828 524 887 alter
544 842 628 885 arma
647 825 752 903 habet,
772 826 883 901 quibus
903 825 934 885 in
954 827 1170 888 munimentum

207 913 292 988 pacis
305 913 410 984 ulitur,
434 913 522 983 alter,
539 917 572 969 ut
586 923 695 984 magno
710 911 816 970 timore
838 925 946 985 magna
967 911 1039 971 odia
1060 927 1170 986 conpe-

207 1005 286 1068 scat,
307 1011 364 1055 nec
378 995 445 1054 illas
459 995 545 1069 ipsas
566 1010 688 1067 manus,
709 994 819 1069 quibus
846 1008 881 1053 se
896 995 1063 1068 commisit,
1085 1011 1171 1055 secu·

177 1097 259 1154 4rus
275 1079 413 1154 adspicit.
443 1076 606 1137 Contrariis
622 1077 651 1135 in
668 1077 818 1137 contraria
831 1077 937 1151 agitur.
959 1093 1028 1137 narn
1045 1095 1115 1139 cum
1129 1079 1171 1138 in-

206 1165 292 1225 VIsus
307 1165 360 1236 sit,
383 1163 453 1237 quia
466 1162 600 1232 timetur,
622 1161 720 1220 timeri
733 1163 812 1231 vult,
836 1161 907 1235 quia
923 1161 1042 1222 invisus
1064 1168 1127 1235 est,
1145 1168 1173 1222 et

206 1248 256 1307 illo
272 1246 452 1307 exsecrabili
463 1260 564 1318 versu,
577 1246 628 1320 qui
643 1245 753 1307 multos
765 1245 849 1304 dedit
859 1244 1053 1319 praecipites,
1066 1246 1170 1307 utitur:

493 1328 628 1402 Oderint,
652 1329 721 1388 dum
734 1334 870 1402 metuant,

205 1417 329 1490 ignarus
352 1421 464 1489 quanta
488 1411 590 1472 rabies
616 1411 741 1486 oriatur,
769 1412 821 1472 ubi
842 1412 1082 1487 supramodum
1104 1413 1171 1473 odia

207 1507 375 1559 creverunt.
410 1502 596 1570 temperatus
617 1497 696 1555 enim
718 1497 807 1556 timor
828 1496 948 1557 cohibet
968 1496 1103 1568 animos,
1120 1497 1170 1557 ad·

207 1584 409 1642 siduus·vero
433 1587 462 1639 et
482 1595 554 1639 acer
570 1586 599 1638 et
619 1587 752 1638 extrema
772 1579 939 1640 admovens
959 1581 991 1639 in
1012 1580 1171 1640 audaciam

179 1675 195 1724 a
208 1665 334 1726 iacentis
350 1665 460 1724 excitat
474 1670 504 1722 et
517 1663 616 1722 omnia
628 1661 760 1737 experiri
771 1663 889 1724 suadet.
910 1663 960 1723 Sic
973 1665 1057 1724 feras
1075 1664 1171 1724 liueae

207 1759 237 1809 et
258 1750 369 1822 pinnae
389 1748 490 1806 clusas
506 1747 667 1806 continent.
691 1745 814 1806 easdem
836 1763 854 1806 a
877 1755 962 1822 tergo
984 1763 1083 1823 eques
1104 1748 1170 1808 telis

202 1829 354 1890 incessat:
370 1831 558 1905 temptabunt
569 1831 670 1905 fugam
682 1846 737 1903 per
749 1830 826 1904 Ipsa,
843 1846 922 1905 quac
937 1831 1088 1906 fugerant,
1102 1847 1159 1906 pro

207 1913 430 1987 culcabuntque
448 1913 645 1972 formidinem.
667 1913 824 1973 Acerrime
840 1913 934 1973 virtus
949 1921 1005 1988 est,
1021 1931 1115 1990 quam
1130 1915 1171 1974 ul·

206 1999 277 2057 tima
304 1998 471 2056 necessitas
496 1996 642 2056 extundit.
683 1997 833 2070 relinquat
854 2005 974 2073 oportet
998 1998 1100 2059 securi
1121 1998 1172 2057 ali-

208 2081 281 2157 quid
294 2088 391 2140 metus
407 2080 561 2155 multoque
576 2082 645 2154 plus
661 2080 728 2154 spei
744 2097 835 2156 quam
851 2082 1058 2155 periculorum
1072 2088 1172 2141 oslen-

207 2172 263 2225 tetz
285 2164 434 2239 alioquin,
456 2163 507 2223 ubi
524 2163 691 2238 quiescenti
705 2166 791 2239 paria
811 2173 997 2240 metuuntur,
1017 2167 1172 2226 incurrere

207 2251 237 2308 in
252 2248 387 2323 pericula
400 2249 483 2307 iuvat
497 2254 528 2307 et
541 2247 593 2326 [ut]
611 2247 710 2308 allena
724 2247 823 2308 anima
837 2250 929 2310 abuti.

180 2341 194 2395 1
267 2333 343 2392 XIII.
361 2331 484 2391 Placido
499 2332 722 2406 tranquilloque
736 2334 800 2406 regi
815 2333 877 2394 fida
892 2340 962 2393 sunt
976 2333 1089 2394 auxilia
1106 2349 1170 2405 sua,

206 2425 238 2476 ut
260 2417 370 2491 quibus
391 2415 430 2475 ad
453 2430 642 2476 communem
664 2417 791 2477 salutem
811 2423 925 2491 utatur,
955 2417 1172 2492 gloriosusque

206 2500 292 2559 miles
317 2499 471 2574 (publicae
492 2499 571 2558 enim
592 2500 745 2560 securitati
767 2515 802 2559 se
827 2500 900 2560 dare
925 2516 1051 2575 operam
1078 2501 1172 2571 videt)

208 2599 327 2643 ornnem
342 2582 478 2642 laborem
491 2583 590 2643 libens
606 2583 716 2658 patitur
734 2589 767 2643 ut
784 2584 918 2658 parentis
939 2592 1060 2646 custos:
1085 2591 1116 2643 at
1139 2585 1171 2642 il-

206 2667 269 2726 lum
283 2667 425 2727 acerbum
440 2675 469 2727 et
483 2667 710 2741 sanguinarium
725 2682 853 2728 necesse
868 2673 916 2728 est
935 2673 1100 2743 graventur
1121 2666 1170 2728 sti·

177 2758 329 2825 apatores
345 2750 402 2809 sui.
422 2750 489 2809 Non
505 2757 607 2824 potest
620 2750 733 2810 habere
749 2749 912 2827 quisquam
924 2751 1025 2811 bonae
1039 2767 1077 2811 ac
1092 2750 1171 2810 lidae

207 2833 370 2894 voluntatis
397 2833 565 2907 ministroS,
593 2834 704 2909 quibus
729 2835 760 2894 in
784 2834 942 2894 tormentis
963 2843 994 2896 et
1014 2836 1121 2895 eculeo
1143 2841 1172 2893 et

206 2917 394 2977 ferramentis
412 2917 452 2976 ad
467 2925 593 2976 mortem
608 2918 721 2992 paratis
745 2919 850 2992 utitur,
873 2919 983 2994 quibus
1005 2934 1067 2978 non
1087 2919 1172 2978 aliter

208 3017 299 3076 quam
312 3000 418 3061 bestiis
434 3000 573 3060 homines
593 3001 737 3076 obiectat,
753 3002 893 3062 omnibus
907 3005 1055 3074 [omniunt]
1071 3017 1168 3062 rerum

206 3085 315 3145 noxior
329 3100 366 3144 ac
381 3084 551 3157 solllcitior,
575 3092 608 3145 ut
628 3086 680 3160 qui
701 3085 840 3146 homines
859 3087 1000 3162 deosque
1019 3092 1115 3147 testes
1136 3099 1170 3144 ac

206 3168 342 3228 vindices
365 3168 533 3228 facinorum
553 3169 669 3242 timeat,
692 3184 729 3229 eo
750 3169 930 3245 perductus,
953 3175 986 3229 ut
1000 3185 1062 3229 non
1083 3169 1169 3229 liceat

206 3250 247 3308 illi
262 3259 377 3312 mutere
393 3267 504 3312 mores.
541 3252 600 3312 hoc
620 3251 699 3313 enim
721 3253 798 3313 inter
818 3261 919 3314 celera
937 3254 986 3312 vel
1003 3253 1170 3328 pessimum

207 3331 298 3393 habet
312 3335 490 3396 crudelitas:
512 3337 771 3410 perseverandum
787 3344 835 3396 est
854 3353 911 3396 nec
926 3337 965 3396 ad
978 3336 1106 3397 meliora
1119 3351 1171 3411 pa·

206 3419 249 3474 tet
262 3431 433 3490 regressus.
459 3421 577 3480 scelera
590 3420 670 3480 enim
681 3420 848 3480 sceleribus
863 3421 975 3481 tuenda
989 3427 1075 3502 sunt·
1099 3417 1171 3495 quid

176 3504 306 3562 tantem
322 3516 359 3559 eo
375 3500 540 3575 infelicius,
565 3503 613 3563 cui
634 3504 694 3563 iam
715 3520 786 3564 esse
806 3505 885 3563 malo
906 3518 1036 3566 necesse
1049 3509 1122 3564 estt
1149 3501 1172 3563 0
