2438 3968
325 271 375 330 DE
398 271 613 331 CLEMENTIA
634 271 705 330 LIB.
718 272 739 330 l.
763 279 858 332 1-3.
1013 271 1076 336 279

109 423 274 483 ducatur
300 423 461 495 animus,
491 422 681 498 quomodo
711 422 913 482 confirmet
941 439 1019 483 eam
1040 433 1075 485 et

108 523 181 566 usu
203 522 305 566 suam
328 504 456 566 iaciat.

171 588 317 649 Nullam
337 604 428 650 vero
451 605 497 649 ex
519 589 694 649 omnibus
715 588 928 649 virtutibus
955 589 1106 665 magis2

109 672 252 733 homini
277 673 502 745 convenire,
540 687 620 732 cum
645 673 698 734 sit
725 672 831 732 nulla
859 672 1073 748 humanior,

108 761 265 816 constet
294 770 458 816 necesse
484 763 543 815 est
568 772 629 816 non
651 759 750 817 solnm
770 756 846 815 inter
860 772 932 828 nos,
955 755 1006 831 qui
1019 756 1073 817 ho·

108 840 234 912 minem,
263 840 377 900 sociale
398 839 524 912 animal,
552 838 703 900 communi
721 839 803 900 bono
823 841 953 915 genitum
976 839 1074 901 videri

107 925 266 997 volumus,
293 923 458 984 sedetiam
481 923 660 996 interillos,
684 923 735 998 qui
755 923 907 983 bominem
926 924 1075 998 voluptati

110 1007 239 1080 donant,
256 1023 385 1081 quorum
400 1007 501 1067 omnia
515 1007 595 1067 dicta
609 1009 749 1083 iactaque
763 1007 803 1067 ad
818 1006 973 1069 utilitatem
986 1024 1075 1068 suam

110 1097 264 1165 spectant:
293 1090 410 1150 namsi
433 1090 562 1165 quietem
584 1091 658 1166 petit
671 1098 700 1150 et
715 1091 821 1165 otium,
843 1091 921 1150 hanc
935 1091 1075 1152 virtutem

109 1181 235 1234 naturae
254 1190 330 1235 suae
344 1181 453 1234 nactus
468 1181 528 1245 cst,
552 1191 631 1249 quae
646 1191 752 1250 pacem
766 1182 846 1234 amat
860 1182 890 1235 et
902 1191 1011 1235 manus
1026 1191 1073 1234 re-

108 1258 191 1317 tinet.
233 1258 380 1318 Nullum
418 1265 539 1317 tamen
579 1258 783 1318 clementia
819 1274 865 1317 ex
898 1259 1106 1330 omnibuss

108 1342 232 1416 magis
261 1358 369 1416 quam
395 1356 521 1415 regom
547 1349 610 1401 ant
637 1342 850 1416 principem
878 1343 997 1403 dccet.
1033 1343 1075 1402 ita

108 1425 188 1484 enim
209 1441 337 1500 magnae
358 1425 438 1484 vires
460 1425 563 1485 decori
580 1426 756 1500 gloriaeque
771 1431 855 1495 sunt,
878 1426 904 1485 si
920 1425 977 1486 illis
993 1426 1074 1485 salu·

107 1509 182 1568 taris
198 1509 332 1581 potentia
348 1515 402 1568 est.
424 1524 494 1568 nam
511 1509 656 1582 pestilera
669 1509 715 1568 vis
728 1515 776 1568 est
790 1511 892 1568 valere
906 1510 946 1569 ad
962 1524 1073 1569 nocen-

108 1592 192 1650 dum.
226 1593 309 1652 Illius
331 1593 451 1652 demum
471 1592 646 1667 magnitudo
667 1591 784 1652 stabilis
806 1592 991 1668 fundataque
1016 1601 1072 1664 est,

108 1691 200 1749 quem
216 1691 322 1736 omnes
336 1684 395 1737 tam
410 1692 504 1750 supra
515 1692 550 1734 se
561 1691 631 1736 esse
644 1692 733 1751 quam
748 1693 803 1751 pro
815 1693 852 1736 se
863 1677 970 1750 sciunt,
987 1676 1073 1736 cuius

108 1775 213 1819 curam
225 1760 377 1819 excubare
387 1776 444 1835 pro
457 1762 555 1819 salute
567 1759 753 1835 singulorum
761 1765 852 1834 atque
862 1761 1074 1820 universorum

108 1844 220 1904 cotidie
232 1843 435 1918 experiuntur,
448 1860 507 1917 quo
521 1844 705 1918 procedente
716 1859 786 1917 non,
801 1851 953 1919 tamquam
963 1844 1073 1904 malum

108 1927 233 2001 aliquod
249 1934 300 1987 aut
313 1927 437 1987 noxium
452 1926 562 1986 animal
577 1943 595 1986 e
610 1926 701 1989 cubili
715 1926 887 2001 prosilierit,
906 1926 1074 2002 diffugiunt,

108 2011 165 2070 sed
184 2018 334 2086 tamquam
354 2011 392 2070 ad
408 2012 521 2070 clarum
536 2027 572 2070 ac
586 2011 754 2071 beneficum
769 2010 855 2071 sidus
870 2011 1005 2070 certatim
1021 2011 1072 2070 ad-

108 2095 225 2168 volant,
253 2095 375 2159 obicere
395 2111 430 2154 se
450 2110 506 2170 pro
522 2094 572 2156 illo
588 2094 783 2155 mucronibus
799 2094 1004 2155 insidiantium
1019 2110 1072 2168 pa-

107 2178 250 2238 ratissimi
272 2186 303 2240 et
322 2177 516 2239 substernere
537 2195 668 2254 corpora
683 2195 752 2254 sua,
775 2179 801 2238 si
817 2195 872 2254 per
886 2185 1017 2252 stragem
1031 2176 1074 2238 illi

107 2261 270 2322 humanam
286 2261 346 2322 iter
365 2263 404 2323 ad
426 2263 553 2323 salutem
574 2262 749 2324 struendum
770 2263 817 2322 sit.
848 2278 987 2321 somnum
1007 2260 1072 2320 eius

108 2346 265 2405 nocturnis
280 2345 418 2405 excubiis
431 2345 576 2407 muniunt.
605 2348 698 2406 latera
713 2345 821 2405 obiecti
837 2344 1072 2418 circumfusique

108 2429 283 2489 defendunt.
305 2429 527 2489 incurrentibus
542 2429 685 2504 periculis
697 2443 735 2488 vse
749 2434 919 2502 opponunt.
946 2427 1012 2488 Non
1023 2427 1102 2495 hicq

107 2518 156 2571 est
175 2512 241 2572 sinc
254 2512 372 2572 ratione
387 2513 509 2587 populis
524 2511 711 2586 urbibusque
726 2527 897 2573 consensus
911 2511 957 2571 sio
971 2517 1071 2586 prote

107 2595 198 2671 gandi
220 2596 401 2670 amandique
420 2611 510 2670 reges
525 2603 555 2657 et
576 2611 610 2655 se
625 2610 742 2669 suaque
758 2594 903 2668 iactandi,
926 2610 1071 2670 quocum-

108 2696 169 2753 que
183 2677 367 2739 desideravit
380 2678 556 2755 imperantis
571 2680 664 2738 salus.
690 2694 747 2738 nec
761 2678 837 2739 haec
850 2678 949 2739 vilitas
964 2678 1012 2738 sui
1025 2684 1073 2737 est

107 2772 160 2824 aut
178 2762 342 2837 dementia,
367 2779 421 2838 pro
443 2779 504 2824 uno
525 2761 625 2837 capite
644 2769 688 2824 tot
708 2761 789 2823 milia
803 2762 945 2838 excipere
959 2762 1071 2821 lerrum

107 2863 144 2906 ac
155 2847 255 2907 multis
268 2845 413 2907 mortibus
426 2863 514 2907 unam
525 2845 655 2907 animam
665 2845 829 2920 redimere,
843 2852 1070 2920 nonnumquam
1139 2894 1142 2898 .

108 2929 191 2989 senis
206 2936 236 2990 et
249 2928 382 2990 invalidi.
406 2929 664 3005 Quemadmodum
675 2938 769 2992 totum
781 2944 894 3005 corpus
906 2928 1006 2989 animo
1019 2929 1070 2987 dc·
1085 2945 1103 3002 5

107 3012 201 3074 servit
215 3021 245 3074 ct
258 3028 326 3074 cum
340 3013 399 3075 hoc
414 3021 496 3074 tanto
512 3015 608 3075 maius
620 3020 765 3089 tantoque
776 3011 947 3089 speciosius
959 3011 1005 3084 sit
1021 3011 1071 3070 ille

106 3095 135 3156 in
158 3099 277 3158 occulto
299 3105 419 3158 maneat
439 3098 538 3158 tenuis
559 3105 589 3158 et
609 3097 640 3156 in
656 3114 716 3172 qua
731 3097 806 3157 sede
820 3097 913 3156 latitet
927 3096 1070 3167 incertus,

108 3187 206 3240 tamen
226 3198 348 3254 manus,
371 3178 482 3256 pedes,
505 3182 585 3241 oculi
605 3180 759 3256 negotium
779 3179 821 3239 illi
843 3185 966 3254 gerunt,
988 3177 1071 3237 illum

105 3262 182 3323 haec
196 3265 272 3326 cutis
287 3265 394 3338 munit,
411 3264 490 3325 illius
503 3262 591 3324 iussu
604 3263 738 3324 iacemus
752 3271 805 3323 aut
817 3263 942 3337 inquieti
953 3261 1069 3321 discur-

104 3347 209 3407 rimus.
232 3365 300 3410 cum
315 3350 364 3409 ille
377 3347 544 3424 imperavit,
559 3348 624 3408 sive
639 3363 749 3408 avarus
761 3344 903 3408 dominus
917 3352 972 3418 est,
987 3359 1070 3405 mare

105 3430 181 3491 lucri
198 3446 291 3493 causa
305 3438 488 3505 scrutamur,
511 3432 577 3490 sive
592 3430 783 3503 ambitiosus
805 3430 980 3490 iamdudum
995 3428 1068 3489 dex-

104 3520 199 3574 teram
214 3514 342 3576 flammis
358 3516 524 3575 obiecimus
539 3521 592 3575 aul
603 3513 801 3575 voluntariam
813 3515 1070 3589 [mortemoppert-
