2438 3968
208 255 272 320 258
397 257 429 316 L.
452 258 597 317 ANNAEl
620 258 794 320 SENECAE
815 262 916 321 DIAL.
937 263 1001 322 XII.

211 408 257 469 sic
272 408 301 467 in
316 424 364 467 me
378 410 602 481 transtuleram,
618 409 662 468 sic
677 408 748 468 mihi
763 409 1001 485 adscripseram,
1021 420 1055 473 ut
1072 421 1182 488 posset

209 492 321 566 videri,
348 493 431 566 quod
452 508 501 552 me
525 493 637 565 amisit,
664 494 801 567 quamvis
827 496 913 556 salvo
938 503 1026 570 patre
1052 498 1180 573 pupilla

208 576 289 636 hanc
304 583 333 635 et
346 593 402 651 pro
416 592 465 635 me
480 575 580 650 dilige.
603 576 734 636 Abstulit
743 577 784 636 illi
797 593 894 654 nuper
905 579 1026 639 fortuna
1036 589 1179 641 malremr

209 667 262 721 tua
276 667 379 734 potest
393 659 515 719 ellicere
529 660 641 735 pietas,
656 667 689 720 ut
704 662 877 736 perdidisse
890 679 925 722 se
939 670 1066 723 matrem
1079 665 1180 726 doleat

178 751 336 817 emulum,
358 761 418 803 non
435 751 463 804 et
477 744 593 804 sentiat.
627 760 706 803 nunc
721 761 822 806 mores
838 747 904 806 eius
920 763 1078 822 conpone,
1101 764 1178 809 nunc

209 831 323 897 format
343 829 432 887 altius
453 836 617 903 praecepta
636 828 840 902 descendunt,
864 847 943 905 quae
958 833 1071 892 teneris
1087 832 1177 909 inpri-

208 919 331 972 muntur
350 911 508 971 aetatibus.
541 911 600 971 tuis
622 911 785 973 adsuescat
806 914 1007 974 sermonibus.
1040 916 1082 975 ad
1097 924 1177 976 tuum

209 996 341 1071 fingatur
355 993 524 1056 arbitrium:
546 996 670 1055 multum
685 995 728 1055 illi
746 996 849 1071 dabis,
864 997 981 1058 etiamsi
996 998 1071 1058 nihil
1087 1000 1177 1059 dede·

207 1080 251 1139 ris
266 1085 385 1153 praeter
399 1079 579 1153 exemplum.
600 1079 666 1138 Hoc
681 1079 733 1140 tibi
745 1086 806 1139 tam
816 1082 962 1142 sollemne
974 1082 1111 1142 ollicium
1122 1099 1176 1158 pro

209 1163 343 1223 remedio
369 1161 439 1223 erit:
464 1178 525 1222 non
553 1169 654 1237 potest
674 1163 751 1223 enlm
773 1165 905 1224 animum
925 1165 976 1240 pie
992 1166 1177 1227 dolentema

210 1246 413 1308 sollicitudine
428 1253 564 1306 avertere
579 1246 637 1306 nisi
651 1254 703 1307 aut
715 1249 791 1307 ratio
802 1255 853 1308 aut
862 1249 992 1309 honesta
1004 1252 1176 1325 occupatio.

179 1331 452 1392 thumerarem
477 1329 578 1389 inter
602 1347 735 1405 magna
757 1333 900 1391 solatia
920 1339 1068 1407 patrem
1084 1352 1175 1409 quo·

210 1431 282 1491 que
296 1423 413 1489 tuum,
430 1414 504 1475 nisi
520 1414 687 1474 abesset.
716 1431 796 1474 nunc
811 1423 909 1475 tamen
925 1433 964 1476 ex
977 1416 1103 1478 adiectu
1116 1425 1175 1494 tuo,

210 1500 261 1575 qui
281 1498 362 1559 illius
377 1499 407 1557 in
426 1506 456 1559 te
474 1497 513 1559 sit
534 1498 648 1573 cogita:
671 1497 843 1574 intelleges,
871 1507 991 1574 quanto⁴
1005 1501 1117 1562 iustius
1141 1503 1176 1564 sit

208 1591 239 1644 te
265 1580 306 1642 illi
333 1582 449 1643 servari
473 1599 564 1658 quam
590 1583 662 1641 mihi
686 1583 819 1659 inpendi.
860 1584 1000 1658 quotiens
1015 1593 1057 1645 ‘te
1082 1587 1174 1647 inmo

209 1665 278 1726 dica
302 1666 350 1726 vis
377 1666 491 1728 doloris
513 1666 656 1726 invaserit
682 1673 712 1726 et
736 1667 824 1741 sequi
848 1684 883 1728 se
908 1667 1037 1743 iubebit,
1063 1679 1175 1744 patrem

208 1748 318 1824 cogita.
353 1752 401 1809 cui
421 1759 453 1811 tu
473 1751 594 1826 quidem
613 1757 656 1810 tot
670 1758 798 1825 nepotes
813 1760 1062 1827 pronepotesque
1077 1755 1175 1815 dando

208 1833 345 1907 effecisti,
357 1850 396 1894 ne
411 1835 500 1893 unica
511 1850 614 1894 esses:
631 1835 849 1895 consummatio
860 1842 959 1895 tamen
968 1837 1081 1902 aetatis
1094 1847 1175 1899 actae

208 1916 336 1976 feliciter
349 1917 420 1976 inte
435 1916 566 1976 vertitur.
589 1917 643 1977 Illo
658 1917 728 1977 vivo
744 1919 831 1977 nelas
846 1925 893 1977 est
904 1925 942 1992 te,
955 1920 1039 1992 quod
1051 1920 1175 1996 vixeris,

124 2020 127 2025 ·
210 2017 306 2076 quen.

176 2090 213 2143 12
244 2128 246 2147 2
268 2083 345 2144 XIX.
368 2083 567 2143 Maximum
589 2084 709 2144 adhuc
730 2083 912 2144 solatium
927 2093 1028 2145 tuum
1044 2094 1175 2148 tacue-

208 2185 301 2240 ram,
319 2184 383 2229 sor
393 2182 496 2228 orem
510 2174 619 2240 tuam,
634 2168 706 2227 illud
721 2167 930 2228 fidelissimum
944 2169 997 2228 tibi
1011 2179 1132 2245 pectus
1146 2172 1174 2230 iu

208 2252 293 2329 quod
307 2268 413 2313 omnes
428 2266 518 2311 curae
534 2257 603 2311 tuae
617 2268 673 2326 pro
689 2252 819 2312 indiviso
834 2253 1073 2328 transferuntur,
1094 2255 1174 2315 illum

209 2337 342 2398 animum
363 2336 503 2397 omnibus
524 2334 613 2395 nobis
628 2341 802 2395 maternum.
833 2351 900 2396 cum
915 2335 972 2395 hac
987 2343 1019 2396 tu
1033 2340 1173 2399 lacrimas

180 2426 277 2481 ulnas
291 2420 453 2493 miscuisti,
467 2419 496 2478 in
512 2419 601 2480 hmus
616 2433 742 2495 prrmum
759 2418 916 2493 respirasti
932 2421 1009 2480 sinu.
1039 2421 1095 2480 llla
1111 2423 1173 2496 qui-

208 2504 277 2563 dem
299 2504 436 2565 adlectus
458 2510 527 2563 tuos
549 2520 671 2578 semper
685 2503 838 2577 sequitur:
863 2503 891 2562 in
907 2519 975 2562 mea
989 2511 1091 2564 tamen
1108 2521 1173 2581 per·

207 2603 287 2648 sona
306 2604 367 2647 non
388 2596 503 2649 tantum
526 2603 581 2663 pro
603 2594 632 2647 te
648 2588 737 2647 dolet.
771 2587 853 2647 lllius
868 2585 1006 2648 manibus
1021 2588 1052 2647 in
1069 2590 1173 2649 urbem

209 2673 345 2746 perlatus
360 2689 437 2732 sum.
469 2671 548 2731 illius
564 2671 613 2745 pio
628 2678 824 2744 maternoque
837 2671 963 2732 nutricio
979 2672 1172 2748 perlongum

209 2763 329 2829 tempus
350 2771 441 2829 aeger
462 2755 612 2814 convalui.
644 2755 695 2814 illa
715 2770 769 2827 pro
786 2763 949 2830 quaestura
963 2771 1032 2815 mea
1046 2756 1172 2832 gratiam

208 2854 295 2898 suam
309 2839 444 2899 exlendit
457 2845 487 2897 et
500 2853 578 2912 quae
593 2854 631 2897 ne
646 2839 794 2898 sermonis
810 2839 931 2913 quidem
946 2846 996 2898 aut
1011 2841 1113 2900 clarae
1125 2856 1172 2901 sa-

207 2919 360 2984 lutationis
387 2920 529 2983 sustinuit
551 2922 722 2992 audaciam,
750 2938 804 2996 pro
828 2938 876 2982 me
895 2922 967 2982 vicit
985 2922 1172 3000 indulgentia

206 3005 431 3067 verecundiam.
463 3004 541 3064 Nihil
561 3005 602 3064 illi
623 3006 780 3065 seductum
793 3006 872 3066 vitae
887 3022 997 3081 genus,
1019 3006 1094 3068 nihil
1109 3024 1172 3068 mo-

207 3090 307 3150 destia
332 3096 384 3163 [at]
410 3089 440 3150 in
465 3095 547 3150 tanta
567 3090 741 3149 seminarum
763 3090 925 3165 petulantia
944 3090 1074 3165 rustica,
1100 3091 1172 3152 nihil

208 3175 312 3248 quies,
335 3173 408 3235 nihil
428 3173 537 3234 secreti
557 3180 587 3232 et
605 3176 645 3234 ad
664 3174 757 3233 otium
772 3174 899 3248 repositi
922 3191 1023 3235 mores
1047 3176 1171 3235 obstite-

175 3265 287 3331 3runt,
307 3273 367 3333 quo
383 3257 482 3319 minus
498 3273 553 3331 pro
569 3274 616 3317 me
631 3257 718 3317 etiam
733 3257 893 3318 ambitiosa
906 3259 999 3319 fieret.
1031 3258 1100 3320 Hoc
1116 3267 1171 3332 est,

207 3348 304 3400 mater
317 3343 487 3414 carissima,
503 3341 642 3402 solatium
658 3358 718 3416 quo
733 3343 894 3403 reficiaris=
909 3343 950 3401 illi
964 3349 1010 3417 te,
1025 3352 1171 3420 qnantum

207 3431 312 3499 potes,
328 3426 435 3500 iunge,
451 3424 530 3485 illius
545 3424 704 3485 artissimis
720 3426 908 3500 amplexibus
922 3425 1031 3502 adligo.
1066 3426 1173 3488 Solent

206 3515 378 3569 moerentes
398 3524 451 3583 ea,
472 3525 551 3583 quae
571 3508 701 3568 maxime
721 3509 861 3584 diligunt,
885 3511 990 3584 lugere
1005 3519 1036 3571 et
1049 3510 1172 3574 liberto-
