<?xml version="1.0" encoding="UTF-8"?>
<!DOCTYPE html PUBLIC "-//W3C//DTD XHTML 1.0 Transitional//EN"
    "http://www.w3.org/TR/xhtml1/DTD/xhtml1-transitional.dtd">
<html xmlns="http://www.w3.org/1999/xhtml" xml:lang="en" lang="en">
 <head>
  <title>
</title>
<meta http-equiv="Content-Type" content="text/html;charset=utf-8" />
  <meta name='ocr-system' content='tesseract 3.04.00' />
  <meta name='ocr-capabilities' content='ocr_page ocr_carea ocr_par ocr_line ocrx_word'/>
</head>
<body>
  <div class='ocr_page' id='page_1' title='image "./lannaeisenecaeo05senegoog_0083.png"; bbox 0 0 2438 3968; ppageno 0'>
   <div class='ocr_carea' id='block_1_1' title="bbox 185 266 925 334">
    <p class='ocr_par' dir='ltr' id='par_1_1' title="bbox 185 266 925 334">
     <span class='ocr_line' id='line_1_1' title="bbox 185 266 925 334; baseline -0.008 0"><span class='ocrx_word' id='word_1_1' title='bbox 185 272 226 334; x_wconf 79' lang='lat'><strong>68</strong></span> <span class='ocrx_word' id='word_1_2' title='bbox 473 269 506 327; x_wconf 94' lang='lat' dir='ltr'><strong>L.</strong></span> <span class='ocrx_word' id='word_1_3' title='bbox 528 268 674 328; x_wconf 85' lang='lat' dir='ltr'><strong>ANNAEl</strong></span> <span class='ocrx_word' id='word_1_4' title='bbox 697 267 873 328; x_wconf 81' lang='lat' dir='ltr'>SENECAE</span> <span class='ocrx_word' id='word_1_5' title='bbox 922 266 925 271; x_wconf 82' lang='grc'><strong>’</strong></span> 
     </span>
    </p>
   </div>
   <div class='ocr_carea' id='block_1_2' title="bbox 141 417 1209 3600">
    <p class='ocr_par' dir='ltr' id='par_1_2' title="bbox 154 417 1169 751">
     <span class='ocr_line' id='line_1_2' title="bbox 154 417 1167 496; baseline 0.006 -18"><span class='ocrx_word' id='word_1_6' title='bbox 154 423 261 496; x_wconf 72' lang='lat' dir='ltr'><strong>abeat,</strong></span> <span class='ocrx_word' id='word_1_7' title='bbox 277 437 337 482; x_wconf 95' lang='lat' dir='ltr'><strong>non</strong></span> <span class='ocrx_word' id='word_1_8' title='bbox 353 420 382 479; x_wconf 92' lang='lat' dir='ltr'><strong>in</strong></span> <span class='ocrx_word' id='word_1_9' title='bbox 397 435 464 480; x_wconf 91' lang='lat' dir='ltr'><strong>usu.</strong></span> <span class='ocrx_word' id='word_1_10' title='bbox 496 417 718 493; x_wconf 76' lang='lat' dir='ltr'><strong>exprobrentur</strong></span> <span class='ocrx_word' id='word_1_11' title='bbox 731 417 773 478; x_wconf 92' lang='lat' dir='ltr'><strong>illi</strong></span> <span class='ocrx_word' id='word_1_12' title='bbox 786 433 947 494; x_wconf 79' lang='lat' dir='ltr'><strong>perperam</strong></span> <span class='ocrx_word' id='word_1_13' title='bbox 962 420 1060 482; x_wconf 84' lang='lat' dir='ltr'><strong>lacta.</strong></span> <span class='ocrx_word' id='word_1_14' title='bbox 1098 421 1167 484; x_wconf 84' lang='lat' dir='ltr'><strong>Per·</strong></span> 
     </span>
     <span class='ocr_line' id='line_1_3' title="bbox 183 501 1169 583; baseline 0.002 -17"><span class='ocrx_word' id='word_1_15' title='bbox 183 504 289 567; x_wconf 85' lang='lat' dir='ltr'><strong>tinebit</strong></span> <span class='ocrx_word' id='word_1_16' title='bbox 308 504 348 564; x_wconf 88' lang='lat' dir='ltr'><strong>ad</strong></span> <span class='ocrx_word' id='word_1_17' title='bbox 368 519 430 562; x_wconf 92' lang='lat' dir='ltr'><strong>rem</strong></span> <span class='ocrx_word' id='word_1_18' title='bbox 447 510 663 578; x_wconf 82' lang='lat' dir='ltr'><strong>praeceptores</strong></span> <span class='ocrx_word' id='word_1_19' title='bbox 685 501 947 577; x_wconf 82' lang='lat' dir='ltr'><strong>paedagogosque</strong></span> <span class='ocrx_word' id='word_1_20' title='bbox 967 505 1083 577; x_wconf 85' lang='lat' dir='ltr'><strong>pueris</strong></span> <span class='ocrx_word' id='word_1_21' title='bbox 1106 507 1169 583; x_wconf 90' lang='lat' dir='ltr'><strong>pla-</strong></span> 
     </span>
     <span class='ocr_line' id='line_1_4' title="bbox 185 585 1168 661; baseline 0.004 -13"><span class='ocrx_word' id='word_1_22' title='bbox 185 588 271 649; x_wconf 85' lang='lat' dir='ltr'><strong>cidos</strong></span> <span class='ocrx_word' id='word_1_23' title='bbox 292 588 366 649; x_wconf 91' lang='lat' dir='ltr'><strong>dari.</strong></span> <span class='ocrx_word' id='word_1_24' title='bbox 403 585 552 647; x_wconf 87' lang='lat' dir='ltr'><strong>Proximis</strong></span> <span class='ocrx_word' id='word_1_25' title='bbox 570 585 740 660; x_wconf 87' lang='lat' dir='ltr'><strong>adplicatur</strong></span> <span class='ocrx_word' id='word_1_26' title='bbox 754 600 844 644; x_wconf 89' lang='lat' dir='ltr'><strong>omne</strong></span> <span class='ocrx_word' id='word_1_27' title='bbox 859 586 944 661; x_wconf 87' lang='lat' dir='ltr'><strong>quod</strong></span> <span class='ocrx_word' id='word_1_28' title='bbox 960 595 1109 650; x_wconf 86' lang='lat' dir='ltr'><strong>tenerum</strong></span> <span class='ocrx_word' id='word_1_29' title='bbox 1124 600 1168 652; x_wconf 87' lang='lat' dir='ltr'><strong>est</strong></span> 
     </span>
     <span class='ocr_line' id='line_1_5' title="bbox 185 668 1168 751; baseline 0.004 -20"><span class='ocrx_word' id='word_1_30' title='bbox 185 679 214 731; x_wconf 87' lang='lat' dir='ltr'><strong>et</strong></span> <span class='ocrx_word' id='word_1_31' title='bbox 229 673 259 731; x_wconf 93' lang='lat' dir='ltr'><strong>in</strong></span> <span class='ocrx_word' id='word_1_32' title='bbox 275 687 380 731; x_wconf 87' lang='lat' dir='ltr'><strong>eorum</strong></span> <span class='ocrx_word' id='word_1_33' title='bbox 394 669 618 730; x_wconf 89' lang='lat' dir='ltr'><strong>similitudinem</strong></span> <span class='ocrx_word' id='word_1_34' title='bbox 633 668 752 729; x_wconf 84' lang='lat' dir='ltr'><strong>crescit.</strong></span> <span class='ocrx_word' id='word_1_35' title='bbox 783 668 931 729; x_wconf 88' lang='lat' dir='ltr'><strong>nutricum</strong></span> <span class='ocrx_word' id='word_1_36' title='bbox 953 676 985 730; x_wconf 91' lang='lat' dir='ltr'><strong>et</strong></span> <span class='ocrx_word' id='word_1_37' title='bbox 1007 674 1168 751; x_wconf 73' lang='lat' dir='ltr'><strong>paedago</strong></span> 
     </span>
    </p>

    <p class='ocr_par' dir='ltr' id='par_1_3' title="bbox 141 751 1168 1332">
     <span class='ocr_line' id='line_1_6' title="bbox 142 751 1168 831; baseline 0.01 -22"><span class='ocrx_word' id='word_1_38' title='bbox 142 757 291 830; x_wconf 85' lang='lat' dir='ltr'><strong>togorunr</strong></span> <span class='ocrx_word' id='word_1_39' title='bbox 305 755 435 815; x_wconf 75' lang='lat' dir='ltr'><strong>retulere</strong></span> <span class='ocrx_word' id='word_1_40' title='bbox 453 769 526 814; x_wconf 93' lang='lat' dir='ltr'><strong>mox</strong></span> <span class='ocrx_word' id='word_1_41' title='bbox 539 752 570 812; x_wconf 90' lang='lat' dir='ltr'><strong>in</strong></span> <span class='ocrx_word' id='word_1_42' title='bbox 584 751 823 812; x_wconf 86' lang='lat' dir='ltr'><strong>adulescentiam</strong></span> <span class='ocrx_word' id='word_1_43' title='bbox 836 768 948 813; x_wconf 88' lang='lat' dir='ltr'><strong>mores.</strong></span> <span class='ocrx_word' id='word_1_44' title='bbox 979 755 1081 831; x_wconf 88' lang='lat' dir='ltr'><strong>Apud</strong></span> <span class='ocrx_word' id='word_1_45' title='bbox 1102 756 1168 819; x_wconf 89' lang='lat' dir='ltr'><strong>Pla·</strong></span> 
     </span>
     <span class='ocr_line' id='line_1_7' title="bbox 183 837 1166 911; baseline 0.005 -13"><span class='ocrx_word' id='word_1_46' title='bbox 183 847 284 900; x_wconf 90' lang='lat' dir='ltr'><strong>tonem</strong></span> <span class='ocrx_word' id='word_1_47' title='bbox 300 839 447 898; x_wconf 85' lang='lat' dir='ltr'><strong>educatus</strong></span> <span class='ocrx_word' id='word_1_48' title='bbox 463 852 540 911; x_wconf 89' lang='lat' dir='ltr'><strong>puer</strong></span> <span class='ocrx_word' id='word_1_49' title='bbox 554 851 621 895; x_wconf 91' lang='lat' dir='ltr'><strong>cum</strong></span> <span class='ocrx_word' id='word_1_50' title='bbox 637 837 677 896; x_wconf 93' lang='lat' dir='ltr'><strong>ad</strong></span> <span class='ocrx_word' id='word_1_51' title='bbox 696 842 839 910; x_wconf 87' lang='lat' dir='ltr'><strong>parentes</strong></span> <span class='ocrx_word' id='word_1_52' title='bbox 859 838 971 897; x_wconf 87' lang='lat' dir='ltr'><strong>relatus</strong></span> <span class='ocrx_word' id='word_1_53' title='bbox 987 841 1166 903; x_wconf 80' lang='lat' dir='ltr'><strong>vociteran-</strong></span> 
     </span>
     <span class='ocr_line' id='line_1_8' title="bbox 183 919 1167 995; baseline 0.004 -11"><span class='ocrx_word' id='word_1_54' title='bbox 183 932 243 984; x_wconf 87' lang='lat' dir='ltr'><strong>tom</strong></span> <span class='ocrx_word' id='word_1_55' title='bbox 258 924 513 995; x_wconf 72' lang='lat' dir='ltr'><strong>videretpatremz</strong></span> <span class='ocrx_word' id='word_1_56' title='bbox 528 935 719 994; x_wconf 81' lang='lat' dir='ltr'><strong>„numquam</strong></span> <span class='ocrx_word' id='word_1_57' title='bbox 726 919 830 994; x_wconf 87' lang='lat' dir='ltr'><strong>inquit,</strong></span> <span class='ocrx_word' id='word_1_58' title='bbox 840 920 898 980; x_wconf 88' lang='lat' dir='ltr'><strong>hoc</strong></span> <span class='ocrx_word' id='word_1_59' title='bbox 908 922 993 995; x_wconf 88' lang='lat' dir='ltr'><strong>apud</strong></span> <span class='ocrx_word' id='word_1_60' title='bbox 1004 920 1167 987; x_wconf 82' lang='lat' dir='ltr'><strong>Platonem</strong></span> 
     </span>
     <span class='ocr_line' id='line_1_9' title="bbox 182 1002 1167 1086; baseline 0.006 -21"><span class='ocrx_word' id='word_1_61' title='bbox 182 1008 274 1066; x_wconf 84' lang='lat' dir='ltr'><strong>vidi.“</strong></span> <span class='ocrx_word' id='word_1_62' title='bbox 314 1021 374 1065; x_wconf 89' lang='lat' dir='ltr'><strong>non</strong></span> <span class='ocrx_word' id='word_1_63' title='bbox 391 1004 494 1064; x_wconf 92' lang='lat' dir='ltr'><strong>dubito</strong></span> <span class='ocrx_word' id='word_1_64' title='bbox 511 1003 583 1078; x_wconf 92' lang='lat' dir='ltr'><strong>quin</strong></span> <span class='ocrx_word' id='word_1_65' title='bbox 601 1002 689 1064; x_wconf 90' lang='lat' dir='ltr'><strong>citius</strong></span> <span class='ocrx_word' id='word_1_66' title='bbox 706 1010 822 1078; x_wconf 89' lang='lat' dir='ltr'><strong>patrem</strong></span> <span class='ocrx_word' id='word_1_67' title='bbox 844 1003 977 1064; x_wconf 87' lang='lat' dir='ltr'><strong>imitatus</strong></span> <span class='ocrx_word' id='word_1_68' title='bbox 1004 1004 1047 1067; x_wconf 87' lang='lat' dir='ltr'><strong>sit</strong></span> <span class='ocrx_word' id='word_1_69' title='bbox 1074 1026 1167 1086; x_wconf 87' lang='lat' dir='ltr'><strong>quam</strong></span> 
     </span>
     <span class='ocr_line' id='line_1_10' title="bbox 141 1087 1166 1165; baseline 0.002 -17"><span class='ocrx_word' id='word_1_70' title='bbox 141 1096 170 1148; x_wconf 91' lang='lat' dir='ltr'><strong>tt</strong></span> <span class='ocrx_word' id='word_1_71' title='bbox 184 1091 347 1150; x_wconf 87' lang='lat' dir='ltr'><strong>Platonem.</strong></span> <span class='ocrx_word' id='word_1_72' title='bbox 379 1087 490 1147; x_wconf 88' lang='lat' dir='ltr'><strong>Tenuis</strong></span> <span class='ocrx_word' id='word_1_73' title='bbox 511 1094 581 1147; x_wconf 88' lang='lat' dir='ltr'><strong>ante</strong></span> <span class='ocrx_word' id='word_1_74' title='bbox 596 1087 696 1147; x_wconf 91' lang='lat' dir='ltr'><strong>omnia</strong></span> <span class='ocrx_word' id='word_1_75' title='bbox 710 1087 809 1147; x_wconf 88' lang='lat' dir='ltr'><strong>victus</strong></span> <span class='ocrx_word' id='word_1_76' title='bbox 825 1091 883 1160; x_wconf 82' lang='lat' dir='ltr'><strong>[sit]</strong></span> <span class='ocrx_word' id='word_1_77' title='bbox 899 1094 1008 1148; x_wconf 85' lang='lat' dir='ltr'><strong>elnon</strong></span> <span class='ocrx_word' id='word_1_78' title='bbox 1025 1093 1166 1165; x_wconf 86' lang='lat' dir='ltr'><strong>pretiosa</strong></span> 
     </span>
     <span class='ocr_line' id='line_1_11' title="bbox 183 1170 1166 1246; baseline 0.007 -15"><span class='ocrx_word' id='word_1_79' title='bbox 183 1174 278 1233; x_wconf 82' lang='lat' dir='ltr'><strong>vestis</strong></span> <span class='ocrx_word' id='word_1_80' title='bbox 293 1180 323 1233; x_wconf 92' lang='lat' dir='ltr'><strong>et</strong></span> <span class='ocrx_word' id='word_1_81' title='bbox 337 1170 442 1231; x_wconf 90' lang='lat' dir='ltr'><strong>similis</strong></span> <span class='ocrx_word' id='word_1_82' title='bbox 458 1172 557 1232; x_wconf 87' lang='lat' dir='ltr'><strong>cultus</strong></span> <span class='ocrx_word' id='word_1_83' title='bbox 573 1187 640 1230; x_wconf 85' lang='lat' dir='ltr'><strong>curn</strong></span> <span class='ocrx_word' id='word_1_84' title='bbox 656 1170 851 1246; x_wconf 72' lang='lat' dir='ltr'><strong>aequalibusz</strong></span> <span class='ocrx_word' id='word_1_85' title='bbox 866 1187 926 1231; x_wconf 92' lang='lat' dir='ltr'><strong>non</strong></span> <span class='ocrx_word' id='word_1_86' title='bbox 941 1172 1102 1237; x_wconf 83' lang='lat' dir='ltr'><strong>irascetur</strong></span> <span class='ocrx_word' id='word_1_87' title='bbox 1114 1178 1166 1237; x_wconf 90' lang='lat' dir='ltr'><strong>ttli·</strong></span> 
     </span>
     <span class='ocr_line' id='line_1_12' title="bbox 184 1254 1165 1332; baseline 0.001 -16"><span class='ocrx_word' id='word_1_88' title='bbox 184 1273 274 1332; x_wconf 90' lang='lat' dir='ltr'><strong>quern</strong></span> <span class='ocrx_word' id='word_1_89' title='bbox 289 1254 347 1316; x_wconf 89' lang='lat' dir='ltr'><strong>sibi</strong></span> <span class='ocrx_word' id='word_1_90' title='bbox 363 1255 523 1330; x_wconf 87' lang='lat' dir='ltr'><strong>conparari</strong></span> <span class='ocrx_word' id='word_1_91' title='bbox 545 1270 634 1330; x_wconf 91' lang='lat' dir='ltr'><strong>quem</strong></span> <span class='ocrx_word' id='word_1_92' title='bbox 656 1255 693 1314; x_wconf 91' lang='lat' dir='ltr'><strong>ab</strong></span> <span class='ocrx_word' id='word_1_93' title='bbox 708 1254 789 1314; x_wconf 91' lang='lat' dir='ltr'><strong>initio</strong></span> <span class='ocrx_word' id='word_1_94' title='bbox 804 1255 903 1314; x_wconf 89' lang='lat' dir='ltr'><strong>multis</strong></span> <span class='ocrx_word' id='word_1_95' title='bbox 920 1270 1027 1329; x_wconf 85' lang='lat' dir='ltr'><strong>parem</strong></span> <span class='ocrx_word' id='word_1_96' title='bbox 1041 1258 1165 1322; x_wconf 82' lang='lat' dir='ltr'><strong>leceris.</strong></span> 
     </span>
    </p>

    <p class='ocr_par' dir='ltr' id='par_1_4' title="bbox 155 1338 1209 1587">
     <span class='ocr_line' id='line_1_13' title="bbox 155 1338 1164 1413; baseline -0.001 -13"><span class='ocrx_word' id='word_1_97' title='bbox 155 1348 167 1400; x_wconf 93' lang='lat'>1</span> <span class='ocrx_word' id='word_1_98' title='bbox 243 1338 1164 1413; x_wconf 81' lang='lat' dir='ltr'><strong>xxit.sedhaecadttoerosnostrospertinenu</strong></span> 
     </span>
     <span class='ocr_line' id='line_1_14' title="bbox 183 1421 1209 1501; baseline 0.004 -16"><span class='ocrx_word' id='word_1_99' title='bbox 183 1421 1164 1498; x_wconf 83' lang='lat' dir='ltr'><strong>innubisquidemsorsnascendieteducationec</strong></span> <span class='ocrx_word' id='word_1_100' title='bbox 1207 1490 1209 1501; x_wconf 79' lang='grc'>,</span> 
     </span>
     <span class='ocr_line' id='line_1_15' title="bbox 182 1505 1161 1587; baseline 0.004 -19"><span class='ocrx_word' id='word_1_101' title='bbox 182 1509 271 1570; x_wconf 86' lang='lat' dir='ltr'><strong>vitii</strong></span> <span class='ocrx_word' id='word_1_102' title='bbox 287 1511 414 1569; x_wconf 89' lang='lat' dir='ltr'><strong>locum</strong></span> <span class='ocrx_word' id='word_1_103' title='bbox 436 1523 505 1567; x_wconf 86' lang='lat' dir='ltr'><strong>nec</strong></span> <span class='ocrx_word' id='word_1_104' title='bbox 526 1508 595 1566; x_wconf 88' lang='lat' dir='ltr'><strong>iam</strong></span> <span class='ocrx_word' id='word_1_105' title='bbox 616 1505 821 1581; x_wconf 89' lang='lat' dir='ltr'><strong>praecepti</strong></span> <span class='ocrx_word' id='word_1_106' title='bbox 837 1506 960 1566; x_wconf 87' lang='lat' dir='ltr'><strong>habet.</strong></span> <span class='ocrx_word' id='word_1_107' title='bbox 994 1523 1161 1587; x_wconf 86' lang='lat' dir='ltr'><strong>sequen·</strong></span> 
     </span>
    </p>

    <p class='ocr_par' dir='ltr' id='par_1_5' title="bbox 154 1590 1164 1917">
     <span class='ocr_line' id='line_1_16' title="bbox 154 1590 1161 1672; baseline 0.004 -19"><span class='ocrx_word' id='word_1_108' title='bbox 154 1593 580 1655; x_wconf 70' lang='lat' dir='ltr'><strong>atiaordinandasunt.</strong></span> <span class='ocrx_word' id='word_1_109' title='bbox 610 1591 719 1651; x_wconf 90' lang='lat' dir='ltr'><strong>Contra</strong></span> <span class='ocrx_word' id='word_1_110' title='bbox 733 1590 845 1664; x_wconf 89' lang='lat' dir='ltr'><strong>primas</strong></span> <span class='ocrx_word' id='word_1_111' title='bbox 859 1590 962 1666; x_wconf 89' lang='lat' dir='ltr'><strong>itaque</strong></span> <span class='ocrx_word' id='word_1_112' title='bbox 976 1606 1098 1655; x_wconf 85' lang='lat' dir='ltr'><strong>causas</strong></span> <span class='ocrx_word' id='word_1_113' title='bbox 1112 1612 1161 1672; x_wconf 93' lang='lat' dir='ltr'><strong>pu·</strong></span> 
     </span>
     <span class='ocr_line' id='line_1_17' title="bbox 184 1673 1164 1751; baseline 0.007 -17"><span class='ocrx_word' id='word_1_114' title='bbox 184 1693 278 1751; x_wconf 84' lang='lat' dir='ltr'><strong>gnare</strong></span> <span class='ocrx_word' id='word_1_115' title='bbox 300 1676 462 1736; x_wconf 75' lang='lat' dir='ltr'><strong>debeniusz</strong></span> <span class='ocrx_word' id='word_1_116' title='bbox 488 1691 582 1735; x_wconf 88' lang='lat' dir='ltr'><strong>causa</strong></span> <span class='ocrx_word' id='word_1_117' title='bbox 602 1681 701 1734; x_wconf 89' lang='lat' dir='ltr'><strong>autem</strong></span> <span class='ocrx_word' id='word_1_118' title='bbox 722 1673 897 1734; x_wconf 84' lang='lat' dir='ltr'><strong>iracundiae</strong></span> <span class='ocrx_word' id='word_1_119' title='bbox 914 1673 1019 1749; x_wconf 87' lang='lat' dir='ltr'><strong>opinio</strong></span> <span class='ocrx_word' id='word_1_120' title='bbox 1035 1677 1164 1740; x_wconf 81' lang='lat' dir='ltr'><strong>iniuriae</strong></span> 
     </span>
     <span class='ocr_line' id='line_1_18' title="bbox 185 1759 1163 1834; baseline 0.005 -15"><span class='ocrx_word' id='word_1_121' title='bbox 185 1768 240 1832; x_wconf 88' lang='lat' dir='ltr'><strong>ost,</strong></span> <span class='ocrx_word' id='word_1_122' title='bbox 257 1759 306 1819; x_wconf 91' lang='lat' dir='ltr'><strong>cui</strong></span> <span class='ocrx_word' id='word_1_123' title='bbox 320 1776 380 1819; x_wconf 90' lang='lat' dir='ltr'><strong>non</strong></span> <span class='ocrx_word' id='word_1_124' title='bbox 396 1759 484 1819; x_wconf 83' lang='lat' dir='ltr'><strong>facile</strong></span> <span class='ocrx_word' id='word_1_125' title='bbox 500 1759 684 1818; x_wconf 89' lang='lat' dir='ltr'><strong>credendum</strong></span> <span class='ocrx_word' id='word_1_126' title='bbox 700 1765 755 1818; x_wconf 91' lang='lat' dir='ltr'><strong>est.</strong></span> <span class='ocrx_word' id='word_1_127' title='bbox 778 1774 817 1817; x_wconf 89' lang='lat' dir='ltr'><strong>ne</strong></span> <span class='ocrx_word' id='word_1_128' title='bbox 831 1759 944 1833; x_wconf 89' lang='lat' dir='ltr'><strong>apertis</strong></span> <span class='ocrx_word' id='word_1_129' title='bbox 960 1760 1092 1834; x_wconf 84' lang='lat' dir='ltr'><strong>quidam</strong></span> <span class='ocrx_word' id='word_1_130' title='bbox 1104 1780 1163 1824; x_wconf 90' lang='lat' dir='ltr'><strong>ma·</strong></span> 
     </span>
     <span class='ocr_line' id='line_1_19' title="bbox 186 1841 1162 1917; baseline 0.008 -17"><span class='ocrx_word' id='word_1_131' title='bbox 186 1842 366 1917; x_wconf 86' lang='lat' dir='ltr'><strong>nilestisque</strong></span> <span class='ocrx_word' id='word_1_132' title='bbox 381 1841 479 1901; x_wconf 88' lang='lat' dir='ltr'><strong>statim</strong></span> <span class='ocrx_word' id='word_1_133' title='bbox 493 1842 710 1901; x_wconf 88' lang='lat' dir='ltr'><strong>accedendum.</strong></span> <span class='ocrx_word' id='word_1_134' title='bbox 742 1843 892 1916; x_wconf 88' lang='lat' dir='ltr'><strong>quaedam</strong></span> <span class='ocrx_word' id='word_1_135' title='bbox 906 1842 985 1903; x_wconf 91' lang='lat' dir='ltr'><strong>enlm</strong></span> <span class='ocrx_word' id='word_1_136' title='bbox 1003 1845 1090 1907; x_wconf 88' lang='lat' dir='ltr'><strong>lalsa</strong></span> <span class='ocrx_word' id='word_1_137' title='bbox 1104 1846 1162 1908; x_wconf 85' lang='lat' dir='ltr'><strong>ven&#39;</strong></span> 
     </span>
    </p>

    <p class='ocr_par' dir='ltr' id='par_1_6' title="bbox 157 1925 1164 2257">
     <span class='ocr_line' id='line_1_20' title="bbox 157 1925 1162 2002; baseline 0.003 -15"><span class='ocrx_word' id='word_1_138' title='bbox 157 1925 319 2000; x_wconf 78' lang='lat' dir='ltr'><strong>aspectam</strong></span> <span class='ocrx_word' id='word_1_139' title='bbox 335 1927 442 1986; x_wconf 86' lang='lat' dir='ltr'><strong>ferunt.</strong></span> <span class='ocrx_word' id='word_1_140' title='bbox 474 1925 612 1985; x_wconf 85' lang='lat' dir='ltr'><strong>Dandum</strong></span> <span class='ocrx_word' id='word_1_141' title='bbox 634 1941 756 2000; x_wconf 89' lang='lat' dir='ltr'><strong>semper</strong></span> <span class='ocrx_word' id='word_1_142' title='bbox 778 1932 826 1986; x_wconf 91' lang='lat' dir='ltr'><strong>est</strong></span> <span class='ocrx_word' id='word_1_143' title='bbox 847 1934 979 2002; x_wconf 79' lang='lat' dir='ltr'><strong>tempus=</strong></span> <span class='ocrx_word' id='word_1_144' title='bbox 1003 1930 1162 1992; x_wconf 85' lang='lat' dir='ltr'><strong>veritatem</strong></span> 
     </span>
     <span class='ocr_line' id='line_1_21' title="bbox 186 2008 1162 2084; baseline 0.008 -16"><span class='ocrx_word' id='word_1_145' title='bbox 186 2011 252 2069; x_wconf 85' lang='lat' dir='ltr'><strong>dies</strong></span> <span class='ocrx_word' id='word_1_146' title='bbox 267 2009 372 2084; x_wconf 89' lang='lat' dir='ltr'><strong>aperit.</strong></span> <span class='ocrx_word' id='word_1_147' title='bbox 403 2009 447 2068; x_wconf 92' lang='lat' dir='ltr'><strong>Ne</strong></span> <span class='ocrx_word' id='word_1_148' title='bbox 462 2008 523 2068; x_wconf 90' lang='lat' dir='ltr'><strong>sint</strong></span> <span class='ocrx_word' id='word_1_149' title='bbox 537 2023 626 2068; x_wconf 91' lang='lat' dir='ltr'><strong>aures</strong></span> <span class='ocrx_word' id='word_1_150' title='bbox 642 2009 867 2070; x_wconf 85' lang='lat' dir='ltr'><strong>criminantibus</strong></span> <span class='ocrx_word' id='word_1_151' title='bbox 888 2010 1010 2070; x_wconf 65' lang='lat' dir='ltr'><strong>facilest</strong></span> <span class='ocrx_word' id='word_1_152' title='bbox 1031 2012 1099 2075; x_wconf 91' lang='lat' dir='ltr'><strong>hoc</strong></span> <span class='ocrx_word' id='word_1_153' title='bbox 1113 2014 1162 2075; x_wconf 93' lang='lat' dir='ltr'><strong>bu·</strong></span> 
     </span>
     <span class='ocr_line' id='line_1_22' title="bbox 184 2092 1164 2173; baseline 0.009 -22"><span class='ocrx_word' id='word_1_154' title='bbox 184 2108 292 2153; x_wconf 79' lang='lat' dir='ltr'><strong>uranae</strong></span> <span class='ocrx_word' id='word_1_155' title='bbox 316 2100 441 2153; x_wconf 84' lang='lat' dir='ltr'><strong>naturae</strong></span> <span class='ocrx_word' id='word_1_156' title='bbox 465 2092 568 2152; x_wconf 91' lang='lat' dir='ltr'><strong>vitium</strong></span> <span class='ocrx_word' id='word_1_157' title='bbox 594 2100 769 2167; x_wconf 85' lang='lat' dir='ltr'><strong>suspectum</strong></span> <span class='ocrx_word' id='word_1_158' title='bbox 799 2102 964 2170; x_wconf 91' lang='lat' dir='ltr'><strong>notumque</strong></span> <span class='ocrx_word' id='word_1_159' title='bbox 994 2097 1106 2158; x_wconf 85' lang='lat' dir='ltr'><strong>nobis</strong></span> <span class='ocrx_word' id='word_1_160' title='bbox 1120 2098 1164 2173; x_wconf 71' lang='lat' dir='ltr'><strong>sit,</strong></span> 
     </span>
     <span class='ocr_line' id='line_1_23' title="bbox 186 2175 1164 2257; baseline 0.007 -20"><span class='ocrx_word' id='word_1_161' title='bbox 186 2179 268 2252; x_wconf 89' lang='lat' dir='ltr'><strong>quod</strong></span> <span class='ocrx_word' id='word_1_162' title='bbox 285 2193 364 2251; x_wconf 89' lang='lat' dir='ltr'><strong>quae</strong></span> <span class='ocrx_word' id='word_1_163' title='bbox 378 2177 462 2236; x_wconf 91' lang='lat' dir='ltr'><strong>inviti</strong></span> <span class='ocrx_word' id='word_1_164' title='bbox 477 2176 627 2250; x_wconf 88' lang='lat' dir='ltr'><strong>audimus,</strong></span> <span class='ocrx_word' id='word_1_165' title='bbox 641 2175 769 2236; x_wconf 90' lang='lat' dir='ltr'><strong>libenter</strong></span> <span class='ocrx_word' id='word_1_166' title='bbox 785 2177 936 2239; x_wconf 89' lang='lat' dir='ltr'><strong>credimus</strong></span> <span class='ocrx_word' id='word_1_167' title='bbox 951 2184 982 2238; x_wconf 89' lang='lat' dir='ltr'><strong>et</strong></span> <span class='ocrx_word' id='word_1_168' title='bbox 996 2188 1164 2257; x_wconf 85' lang='lat' dir='ltr'><strong>antequam</strong></span> 
     </span>
    </p>

    <p class='ocr_par' dir='ltr' id='par_1_7' title="bbox 156 2260 1166 2742">
     <span class='ocr_line' id='line_1_24' title="bbox 156 2260 1164 2336; baseline 0.007 -15"><span class='ocrx_word' id='word_1_169' title='bbox 156 2262 369 2335; x_wconf 66' lang='lat' dir='ltr'><strong>dimicemus,</strong></span> <span class='ocrx_word' id='word_1_170' title='bbox 395 2260 563 2321; x_wconf 87' lang='lat' dir='ltr'><strong>irascimur.</strong></span> <span class='ocrx_word' id='word_1_171' title='bbox 606 2261 698 2335; x_wconf 83' lang='lat' dir='ltr'><strong>Quid,</strong></span> <span class='ocrx_word' id='word_1_172' title='bbox 720 2260 802 2336; x_wconf 91' lang='lat' dir='ltr'><strong>quod</strong></span> <span class='ocrx_word' id='word_1_173' title='bbox 823 2278 883 2322; x_wconf 93' lang='lat' dir='ltr'><strong>non</strong></span> <span class='ocrx_word' id='word_1_174' title='bbox 899 2261 1164 2328; x_wconf 80' lang='lat' dir='ltr'><strong>criminationibus</strong></span> 
     </span>
     <span class='ocr_line' id='line_1_25' title="bbox 185 2344 1165 2428; baseline 0.004 -21"><span class='ocrx_word' id='word_1_175' title='bbox 185 2355 307 2422; x_wconf 89' lang='lat' dir='ltr'><strong>tantum,</strong></span> <span class='ocrx_word' id='word_1_176' title='bbox 323 2346 379 2407; x_wconf 92' lang='lat' dir='ltr'><strong>sed</strong></span> <span class='ocrx_word' id='word_1_177' title='bbox 395 2344 621 2421; x_wconf 90' lang='lat' dir='ltr'><strong>suspicionibus</strong></span> <span class='ocrx_word' id='word_1_178' title='bbox 636 2345 807 2420; x_wconf 86' lang='lat' dir='ltr'><strong>inpellimur</strong></span> <span class='ocrx_word' id='word_1_179' title='bbox 822 2352 852 2405; x_wconf 89' lang='lat' dir='ltr'><strong>et</strong></span> <span class='ocrx_word' id='word_1_180' title='bbox 871 2362 910 2405; x_wconf 86' lang='lat' dir='ltr'><strong>ex</strong></span> <span class='ocrx_word' id='word_1_181' title='bbox 924 2347 1010 2405; x_wconf 88' lang='lat' dir='ltr'><strong>voltu</strong></span> <span class='ocrx_word' id='word_1_182' title='bbox 1033 2348 1165 2428; x_wconf 90' lang='lat' dir='ltr'><strong>risuque</strong></span> 
     </span>
     <span class='ocr_line' id='line_1_26' title="bbox 185 2428 1166 2510; baseline 0.007 -21"><span class='ocrx_word' id='word_1_183' title='bbox 185 2431 283 2491; x_wconf 85' lang='lat' dir='ltr'><strong>alieno</strong></span> <span class='ocrx_word' id='word_1_184' title='bbox 300 2433 405 2506; x_wconf 89' lang='lat' dir='ltr'><strong>peiora</strong></span> <span class='ocrx_word' id='word_1_185' title='bbox 419 2429 605 2505; x_wconf 85' lang='lat' dir='ltr'><strong>interpretati</strong></span> <span class='ocrx_word' id='word_1_186' title='bbox 619 2428 831 2489; x_wconf 88' lang='lat' dir='ltr'><strong>innocentibus</strong></span> <span class='ocrx_word' id='word_1_187' title='bbox 846 2429 1028 2490; x_wconf 73' lang='lat' dir='ltr'><strong>irascimur?</strong></span> <span class='ocrx_word' id='word_1_188' title='bbox 1055 2432 1166 2510; x_wconf 87' lang='lat' dir='ltr'><strong>ltaque</strong></span> 
     </span>
     <span class='ocr_line' id='line_1_27' title="bbox 185 2513 1166 2589; baseline 0.007 -16"><span class='ocrx_word' id='word_1_189' title='bbox 185 2516 303 2589; x_wconf 87' lang='lat' dir='ltr'><strong>agenda</strong></span> <span class='ocrx_word' id='word_1_190' title='bbox 324 2523 371 2576; x_wconf 90' lang='lat' dir='ltr'><strong>est</strong></span> <span class='ocrx_word' id='word_1_191' title='bbox 390 2521 495 2575; x_wconf 84' lang='lat' dir='ltr'><strong>contra</strong></span> <span class='ocrx_word' id='word_1_192' title='bbox 515 2530 549 2574; x_wconf 92' lang='lat' dir='ltr'><strong>se</strong></span> <span class='ocrx_word' id='word_1_193' title='bbox 570 2529 663 2573; x_wconf 88' lang='lat' dir='ltr'><strong>causa</strong></span> <span class='ocrx_word' id='word_1_194' title='bbox 683 2513 818 2574; x_wconf 90' lang='lat' dir='ltr'><strong>absentis</strong></span> <span class='ocrx_word' id='word_1_195' title='bbox 839 2522 869 2574; x_wconf 89' lang='lat' dir='ltr'><strong>et</strong></span> <span class='ocrx_word' id='word_1_196' title='bbox 888 2514 918 2573; x_wconf 92' lang='lat' dir='ltr'><strong>in</strong></span> <span class='ocrx_word' id='word_1_197' title='bbox 939 2528 1104 2588; x_wconf 86' lang='lat' dir='ltr'><strong>suspenso</strong></span> <span class='ocrx_word' id='word_1_198' title='bbox 1124 2520 1166 2579; x_wconf 86' lang='lat' dir='ltr'><strong>ira</strong></span> 
     </span>
     <span class='ocr_line' id='line_1_28' title="bbox 183 2596 1164 2673; baseline 0.007 -16"><span class='ocrx_word' id='word_1_199' title='bbox 183 2599 349 2658; x_wconf 88' lang='lat' dir='ltr'><strong>retinenda.</strong></span> <span class='ocrx_word' id='word_1_200' title='bbox 383 2606 484 2673; x_wconf 88' lang='lat' dir='ltr'><strong>potest</strong></span> <span class='ocrx_word' id='word_1_201' title='bbox 498 2598 576 2657; x_wconf 84' lang='lat' dir='ltr'><strong>enin</strong></span> <span class='ocrx_word' id='word_1_202' title='bbox 592 2613 692 2672; x_wconf 87' lang='lat' dir='ltr'><strong>poena</strong></span> <span class='ocrx_word' id='word_1_203' title='bbox 707 2596 798 2657; x_wconf 88' lang='lat' dir='ltr'><strong>dilata</strong></span> <span class='ocrx_word' id='word_1_204' title='bbox 813 2596 903 2672; x_wconf 88' lang='lat' dir='ltr'><strong>exigi,</strong></span> <span class='ocrx_word' id='word_1_205' title='bbox 919 2613 979 2657; x_wconf 92' lang='lat' dir='ltr'><strong>non</strong></span> <span class='ocrx_word' id='word_1_206' title='bbox 992 2605 1104 2671; x_wconf 85' lang='lat' dir='ltr'><strong>potest</strong></span> <span class='ocrx_word' id='word_1_207' title='bbox 1115 2618 1164 2663; x_wconf 87' lang='lat' dir='ltr'><strong>ex-</strong></span> 
     </span>
     <span class='ocr_line' id='line_1_29' title="bbox 187 2684 416 2742; baseline 0 -3"><span class='ocrx_word' id='word_1_208' title='bbox 187 2689 253 2741; x_wconf 85' lang='lat' dir='ltr'><strong>acta</strong></span> <span class='ocrx_word' id='word_1_209' title='bbox 269 2684 416 2742; x_wconf 87' lang='lat' dir='ltr'><strong>revocari.</strong></span> 
     </span>
    </p>

    <p class='ocr_par' dir='ltr' id='par_1_8' title="bbox 157 2763 1166 3433">
     <span class='ocr_line' id='line_1_30' title="bbox 157 2763 1165 2846; baseline 0.006 -20"><span class='ocrx_word' id='word_1_210' title='bbox 157 2765 168 2816; x_wconf 87' lang='lat'>1</span> <span class='ocrx_word' id='word_1_211' title='bbox 245 2764 348 2826; x_wconf 88' lang='lat' dir='ltr'><strong>XXlll.</strong></span> <span class='ocrx_word' id='word_1_212' title='bbox 380 2767 475 2828; x_wconf 89' lang='lat' dir='ltr'><strong>Notus</strong></span> <span class='ocrx_word' id='word_1_213' title='bbox 491 2772 539 2826; x_wconf 89' lang='lat' dir='ltr'><strong>est</strong></span> <span class='ocrx_word' id='word_1_214' title='bbox 553 2766 602 2825; x_wconf 89' lang='lat' dir='ltr'><strong>ille</strong></span> <span class='ocrx_word' id='word_1_215' title='bbox 615 2763 806 2842; x_wconf 83' lang='lat' dir='ltr'><strong>tyrannicida</strong></span> <span class='ocrx_word' id='word_1_216' title='bbox 820 2764 871 2840; x_wconf 93' lang='lat' dir='ltr'><strong>qui</strong></span> <span class='ocrx_word' id='word_1_217' title='bbox 885 2766 1055 2840; x_wconf 82' lang='lat' dir='ltr'><strong>inperfecto</strong></span> <span class='ocrx_word' id='word_1_218' title='bbox 1070 2784 1165 2846; x_wconf 78' lang='lat' dir='ltr'><strong>opere</strong></span> 
     </span>
     <span class='ocr_line' id='line_1_31' title="bbox 186 2848 1163 2925; baseline 0.01 -19"><span class='ocrx_word' id='word_1_219' title='bbox 186 2849 415 2924; x_wconf 90' lang='lat' dir='ltr'><strong>conprehensus</strong></span> <span class='ocrx_word' id='word_1_220' title='bbox 433 2857 463 2910; x_wconf 93' lang='lat' dir='ltr'><strong>et</strong></span> <span class='ocrx_word' id='word_1_221' title='bbox 476 2850 514 2908; x_wconf 90' lang='lat' dir='ltr'><strong>ab</strong></span> <span class='ocrx_word' id='word_1_222' title='bbox 529 2848 641 2923; x_wconf 90' lang='lat' dir='ltr'><strong>Hippia</strong></span> <span class='ocrx_word' id='word_1_223' title='bbox 658 2855 769 2921; x_wconf 86' lang='lat' dir='ltr'><strong>tortus,</strong></span> <span class='ocrx_word' id='word_1_224' title='bbox 792 2857 824 2909; x_wconf 93' lang='lat' dir='ltr'><strong>ut</strong></span> <span class='ocrx_word' id='word_1_225' title='bbox 844 2852 986 2910; x_wconf 90' lang='lat' dir='ltr'><strong>conscios</strong></span> <span class='ocrx_word' id='word_1_226' title='bbox 1001 2849 1163 2925; x_wconf 83' lang='lat' dir='ltr'><strong>indicaret,</strong></span> 
     </span>
     <span class='ocr_line' id='line_1_32' title="bbox 186 2931 1164 3010; baseline 0.009 -20"><span class='ocrx_word' id='word_1_227' title='bbox 186 2933 405 2993; x_wconf 91' lang='lat' dir='ltr'><strong>circumstantis</strong></span> <span class='ocrx_word' id='word_1_228' title='bbox 430 2933 545 2992; x_wconf 88' lang='lat' dir='ltr'><strong>amicos</strong></span> <span class='ocrx_word' id='word_1_229' title='bbox 570 2932 691 3010; x_wconf 80' lang='lat' dir='ltr'><strong>tyranni</strong></span> <span class='ocrx_word' id='word_1_230' title='bbox 716 2931 882 2992; x_wconf 89' lang='lat' dir='ltr'><strong>nominavit</strong></span> <span class='ocrx_word' id='word_1_231' title='bbox 901 2933 1080 3009; x_wconf 86' lang='lat' dir='ltr'><strong>quibusque</strong></span> <span class='ocrx_word' id='word_1_232' title='bbox 1103 2954 1164 2999; x_wconf 89' lang='lat' dir='ltr'><strong>ma·</strong></span> 
     </span>
     <span class='ocr_line' id='line_1_33' title="bbox 185 3015 1163 3095; baseline 0.008 -22"><span class='ocrx_word' id='word_1_233' title='bbox 185 3015 266 3075; x_wconf 89' lang='lat' dir='ltr'><strong>xime</strong></span> <span class='ocrx_word' id='word_1_234' title='bbox 286 3032 385 3075; x_wconf 89' lang='lat' dir='ltr'><strong>caram</strong></span> <span class='ocrx_word' id='word_1_235' title='bbox 406 3019 534 3076; x_wconf 91' lang='lat' dir='ltr'><strong>salutem</strong></span> <span class='ocrx_word' id='word_1_236' title='bbox 558 3017 623 3076; x_wconf 92' lang='lat' dir='ltr'><strong>eius</strong></span> <span class='ocrx_word' id='word_1_237' title='bbox 645 3016 769 3076; x_wconf 89' lang='lat' dir='ltr'><strong>sciebat.</strong></span> <span class='ocrx_word' id='word_1_238' title='bbox 812 3025 841 3077; x_wconf 89' lang='lat' dir='ltr'><strong>et</strong></span> <span class='ocrx_word' id='word_1_239' title='bbox 857 3033 924 3077; x_wconf 88' lang='lat' dir='ltr'><strong>curu</strong></span> <span class='ocrx_word' id='word_1_240' title='bbox 945 3016 995 3076; x_wconf 91' lang='lat' dir='ltr'><strong>ille</strong></span> <span class='ocrx_word' id='word_1_241' title='bbox 1010 3018 1163 3095; x_wconf 84' lang='lat' dir='ltr'><strong>singulos,</strong></span> 
     </span>
     <span class='ocr_line' id='line_1_34' title="bbox 186 3099 1163 3178; baseline 0.01 -20"><span class='ocrx_word' id='word_1_242' title='bbox 186 3106 218 3158; x_wconf 94' lang='lat' dir='ltr'><strong>ut</strong></span> <span class='ocrx_word' id='word_1_243' title='bbox 231 3100 374 3160; x_wconf 87' lang='lat' dir='ltr'><strong>nominati</strong></span> <span class='ocrx_word' id='word_1_244' title='bbox 390 3109 482 3174; x_wconf 89' lang='lat' dir='ltr'><strong>erant,</strong></span> <span class='ocrx_word' id='word_1_245' title='bbox 500 3099 597 3160; x_wconf 90' lang='lat' dir='ltr'><strong>occidi</strong></span> <span class='ocrx_word' id='word_1_246' title='bbox 612 3099 761 3171; x_wconf 81' lang='lat' dir='ltr'><strong>iussisset</strong></span> <span class='ocrx_word' id='word_1_247' title='bbox 770 3100 972 3175; x_wconf 79' lang='lat' dir='ltr'><strong>interrogavit,</strong></span> <span class='ocrx_word' id='word_1_248' title='bbox 982 3103 1098 3178; x_wconf 89' lang='lat' dir='ltr'><strong>ecquis</strong></span> <span class='ocrx_word' id='word_1_249' title='bbox 1114 3123 1163 3167; x_wconf 85' lang='lat' dir='ltr'><strong>su·</strong></span> 
     </span>
     <span class='ocr_line' id='line_1_35' title="bbox 186 3183 1164 3258; baseline 0.009 -17"><span class='ocrx_word' id='word_1_250' title='bbox 186 3191 346 3257; x_wconf 76' lang='lat' dir='ltr'><strong>peresseta</strong></span> <span class='ocrx_word' id='word_1_251' title='bbox 384 3185 461 3256; x_wconf 83' lang='lat' dir='ltr'><strong>‚,Tu,</strong></span> <span class='ocrx_word' id='word_1_252' title='bbox 487 3183 598 3258; x_wconf 89' lang='lat' dir='ltr'><strong>inquit,</strong></span> <span class='ocrx_word' id='word_1_253' title='bbox 623 3185 723 3243; x_wconf 84' lang='lat' dir='ltr'><strong>solus=</strong></span> <span class='ocrx_word' id='word_1_254' title='bbox 741 3184 890 3244; x_wconf 88' lang='lat' dir='ltr'><strong>neminem</strong></span> <span class='ocrx_word' id='word_1_255' title='bbox 908 3184 986 3244; x_wconf 91' lang='lat' dir='ltr'><strong>enim</strong></span> <span class='ocrx_word' id='word_1_256' title='bbox 1002 3186 1100 3250; x_wconf 89' lang='lat' dir='ltr'><strong>allum</strong></span> <span class='ocrx_word' id='word_1_257' title='bbox 1117 3187 1164 3251; x_wconf 86' lang='lat' dir='ltr'><strong>cul</strong></span> 
     </span>
     <span class='ocr_line' id='line_1_36' title="bbox 187 3266 1164 3345; baseline 0.006 -20"><span class='ocrx_word' id='word_1_258' title='bbox 187 3282 275 3326; x_wconf 90' lang='lat' dir='ltr'><strong>carus</strong></span> <span class='ocrx_word' id='word_1_259' title='bbox 291 3283 378 3327; x_wconf 89' lang='lat' dir='ltr'><strong>esses</strong></span> <span class='ocrx_word' id='word_1_260' title='bbox 389 3266 527 3343; x_wconf 86' lang='lat' dir='ltr'><strong>reliqui.“</strong></span> <span class='ocrx_word' id='word_1_261' title='bbox 548 3267 656 3327; x_wconf 84' lang='lat' dir='ltr'><strong>Effecit</strong></span> <span class='ocrx_word' id='word_1_262' title='bbox 669 3267 721 3339; x_wconf 84' lang='lat' dir='ltr'><strong>ira,</strong></span> <span class='ocrx_word' id='word_1_263' title='bbox 739 3276 771 3328; x_wconf 93' lang='lat' dir='ltr'><strong>ut</strong></span> <span class='ocrx_word' id='word_1_264' title='bbox 786 3275 933 3343; x_wconf 79' lang='lat' dir='ltr'><strong>tyrannus</strong></span> <span class='ocrx_word' id='word_1_265' title='bbox 948 3271 1164 3345; x_wconf 80' lang='lat' dir='ltr'><strong>tyrannicidae</strong></span> 
     </span>
     <span class='ocr_line' id='line_1_37' title="bbox 187 3351 1166 3433; baseline 0.007 -25"><span class='ocrx_word' id='word_1_266' title='bbox 187 3366 294 3410; x_wconf 88' lang='lat' dir='ltr'><strong>manus</strong></span> <span class='ocrx_word' id='word_1_267' title='bbox 312 3351 560 3412; x_wconf 88' lang='lat' dir='ltr'><strong>adcommodaret</strong></span> <span class='ocrx_word' id='word_1_268' title='bbox 574 3359 604 3411; x_wconf 91' lang='lat' dir='ltr'><strong>et</strong></span> <span class='ocrx_word' id='word_1_269' title='bbox 618 3351 771 3424; x_wconf 88' lang='lat' dir='ltr'><strong>praesidia</strong></span> <span class='ocrx_word' id='word_1_270' title='bbox 786 3368 842 3412; x_wconf 88' lang='lat' dir='ltr'><strong>sua</strong></span> <span class='ocrx_word' id='word_1_271' title='bbox 856 3352 957 3426; x_wconf 88' lang='lat' dir='ltr'><strong>gladio</strong></span> <span class='ocrx_word' id='word_1_272' title='bbox 976 3367 1035 3414; x_wconf 88' lang='lat' dir='ltr'><strong>suo</strong></span> <span class='ocrx_word' id='word_1_273' title='bbox 1052 3358 1166 3433; x_wconf 82' lang='lat' dir='ltr'><strong>caede·</strong></span> 
     </span>
    </p>

    <p class='ocr_par' dir='ltr' id='par_1_9' title="bbox 157 3433 1166 3600">
     <span class='ocr_line' id='line_1_38' title="bbox 157 3433 1164 3518; baseline 0.008 -26"><span class='ocrx_word' id='word_1_274' title='bbox 157 3435 240 3493; x_wconf 62' lang='lat' dir='ltr'><strong>iret.</strong></span> <span class='ocrx_word' id='word_1_275' title='bbox 274 3435 389 3509; x_wconf 81' lang='lat' dir='ltr'><strong>Quanto</strong></span> <span class='ocrx_word' id='word_1_276' title='bbox 405 3434 572 3495; x_wconf 86' lang='lat' dir='ltr'><strong>animosius</strong></span> <span class='ocrx_word' id='word_1_277' title='bbox 586 3435 781 3494; x_wconf 69' lang='lat' dir='ltr'><strong>Alexander?</strong></span> <span class='ocrx_word' id='word_1_278' title='bbox 803 3436 854 3511; x_wconf 87' lang='lat' dir='ltr'><strong>qui</strong></span> <span class='ocrx_word' id='word_1_279' title='bbox 869 3451 937 3497; x_wconf 90' lang='lat' dir='ltr'><strong>cum</strong></span> <span class='ocrx_word' id='word_1_280' title='bbox 951 3433 1083 3510; x_wconf 79' lang='lat' dir='ltr'><strong>legisset</strong></span> <span class='ocrx_word' id='word_1_281' title='bbox 1102 3440 1164 3518; x_wconf 90' lang='lat' dir='ltr'><strong>epi·</strong></span> 
     </span>
     <span class='ocr_line' id='line_1_39' title="bbox 187 3518 1166 3600; baseline 0.007 -23"><span class='ocrx_word' id='word_1_282' title='bbox 187 3520 294 3578; x_wconf 86' lang='lat' dir='ltr'><strong>stulam</strong></span> <span class='ocrx_word' id='word_1_283' title='bbox 312 3520 431 3591; x_wconf 81' lang='lat' dir='ltr'><strong>matris,</strong></span> <span class='ocrx_word' id='word_1_284' title='bbox 459 3536 520 3592; x_wconf 85' lang='lat' dir='ltr'><strong>qua</strong></span> <span class='ocrx_word' id='word_1_285' title='bbox 540 3518 774 3591; x_wconf 86' lang='lat' dir='ltr'><strong>admonebatur,</strong></span> <span class='ocrx_word' id='word_1_286' title='bbox 799 3529 831 3580; x_wconf 92' lang='lat' dir='ltr'><strong>ut</strong></span> <span class='ocrx_word' id='word_1_287' title='bbox 851 3536 869 3579; x_wconf 90' lang='lat' dir='ltr'><strong>a</strong></span> <span class='ocrx_word' id='word_1_288' title='bbox 889 3535 1010 3580; x_wconf 81' lang='lat' dir='ltr'><strong>veneno</strong></span> <span class='ocrx_word' id='word_1_289' title='bbox 1030 3520 1166 3600; x_wconf 86' lang='lat' dir='ltr'><strong>Philippi</strong></span> 
     </span>
    </p>
   </div>
   <div class='ocr_carea' id='block_1_3' title="bbox 0 0 1224 3968">
    <p class='ocr_par' dir='ltr' id='par_1_10' title="bbox 0 0 1224 3968">
     <span class='ocr_line' id='line_1_40' title="bbox 0 0 1224 3968; baseline 0 0"><span class='ocrx_word' id='word_1_290' title='bbox 0 0 1224 3968; x_wconf 95' lang='lat' dir='ltr'><strong> </strong></span> 
     </span>
    </p>
   </div>
  </div>
 </body>
</html>
