2438 3968
148 219 168 284 a
189 186 292 283 ulan.
300 223 322 282 1.
339 222 472 297 ouaau
483 222 631 300 aaroni
642 225 874 289 mcouuona
888 229 1003 291 roms
1014 231 1126 292 vrms

148 377 269 439 radices
289 385 318 439 et
337 377 465 451 herbas,
488 377 611 452 quasin
632 377 827 453 repurgando
838 393 917 453 agro
940 378 1134 454 triumphalis

149 479 245 523 senex
259 462 371 522 vulsitt
387 462 460 536 quid
471 469 566 537 ergo?
580 459 697 522 felicior
708 469 799 534 esset,
812 459 880 522 siin
892 469 1028 523 ventrem
1039 479 1135 524 suum

148 546 307 622 longinqui
326 546 423 606 litoris
444 545 546 621 pisces
563 553 593 605 et
607 544 768 620 peregrina
782 546 914 623 aucupia
929 553 1134 620 congererett

149 632 175 691 si
191 630 361 709 conchyliis
377 629 480 704 superi
495 636 589 704 atque
604 628 692 688 inleri
707 629 800 689 maris
815 628 963 705 pigritiam
980 631 1132 693 stomachi

148 714 316 776 nausiantis
339 715 492 788 erigerem
521 715 547 774 si
574 711 690 788 ingenti
711 729 870 789 pomorum
890 721 973 781 strue
994 714 1133 788 cingeret

116 801 134 861 7
147 800 264 876 primae
278 800 393 859 lormae
408 799 508 871 ieras,
524 804 631 873 captas
645 797 738 859 multa
753 798 848 858 caede
862 797 1059 858 venantium?
1081 800 1132 858 Iu·

148 883 220 944 lelix
236 890 283 944 est
294 880 433 956 Rutilius,
451 883 534 956 quod
546 880 599 957 qni
610 881 692 941 illum
704 882 931 955 damnaverunt,
948 887 1071 942 causam
1084 881 1150 945 di·.

148 974 217 1029 cent
229 967 369 1027 omnibus
382 966 516 1026 seculis?
539 966 623 1041 quod
634 964 892 1041 aequiore'animo
905 982 1019 1041 passus
1034 971 1132 1027 estse

147 1051 263 1128 patriae
275 1048 352 1125 eripi
367 1067 458 1125 quam
470 1049 527 1110 sibi
543 1049 687 1110 exilium?
709 1050 792 1126 quod
807 1049 910 1111 Sullae
925 1049 1064 1110 dictatori
1078 1066 1132 1111 so·

147 1134 195 1196 lus
211 1134 327 1209 aliquid
345 1134 467 1208 negavit
481 1141 512 1195 et
531 1141 693 1195 revocatus
709 1151 771 1194 non
787 1141 901 1194 tantum
920 1141 1001 1194 retro
1025 1134 1132 1210 cessit,

147 1220 205 1280 scd
218 1219 339 1294 longius
356 1216 453 1292 fugite
478 1217 651 1292 ‚,Viderint‚
667 1217 777 1292 inquit,
792 1219 841 1278 isti
857 1234 936 1294 quos
946 1218 1064 1279 Romae
1075 1219 1131 1278 de-

127 1310 130 1315 *
148 1301 308 1380 prehendit
321 1301 449 1362 felicitas
464 1309 524 1362 tua.
548 1303 672 1363 videant
686 1303 802 1377 largum
817 1301 847 1362 in
863 1304 930 1362 foro
947 1300 1132 1377 sanguinem

148 1395 178 1448 et
192 1403 287 1463 supra
302 1385 502 1447 Servilianum
517 1389 616 1447 lacum
630 1386 676 1462 (id
687 1386 766 1446 enim
781 1385 1014 1462 proscriptionis
1028 1384 1131 1446 Sulla·

147 1489 205 1533 nae
219 1471 398 1548 spoliarium
414 1478 474 1545 est)
497 1478 673 1531 senatorum
687 1469 788 1546 capita
807 1478 838 1532 et
857 1469 973 1546 passim
987 1469 1131 1545 vagantis

147 1573 203 1632 per
214 1556 320 1617 urbem
336 1572 553 1632 percussorum
567 1571 678 1630 greges
692 1562 730 1615 et·
741 1556 835 1615 multa
848 1554 930 1615 milia
945 1553 1055 1614 civium
1066 1555 1131 1616 Ro·

147 1657 304 1702 manorum
318 1657 380 1701 uno
393 1642 462 1700 loco
475 1647 547 1717 post
560 1639 666 1711 fidem,
682 1638 773 1699 immo
785 1655 841 1715 per
852 1637 951 1715 ipsam
962 1637 1055 1698 fidem
1066 1646 1131 1698 tru-

116 1727 133 1782 d
147 1726 256 1785 cidata.
281 1723 404 1784 videant
414 1723 473 1784 ista
486 1725 538 1798 qui
548 1725 673 1783 exulare
685 1740 746 1784 non
758 1730 920 1799 possunt.“
938 1721 1022 1796 Quid
1033 1730 1133 1798 ergo?

148 1807 221 1868 lolix
237 1816 285 1868 est
297 1809 330 1867 L.
347 1806 446 1881 Sulla,
468 1807 552 1883 quod
572 1806 614 1866 illi
632 1807 830 1868 descendenti
851 1806 1010 1867 odiorum
1024 1807 1130 1881 gladio

148 1891 359 1963 submovetur,
383 1893 466 1966 quod
480 1891 583 1966 capita
601 1889 660 1950 sibi
676 1891 880 1952 consularium
896 1891 1034 1966 ¹virorum
1052 1892 1130 1965 pati·

149 1983 196 2036 tur
211 1975 331 2036 ostendi
353 1981 383 2033 et
403 1976 532 2049 pretium
548 1973 652 2034 caedis
674 1990 730 2049 per
745 1983 938 2050 quaestorem
957 1991 994 2034 ac
1008 1974 1130 2037 tabulas

148 2058 286 2134 publicas
301 2066 459 2120 numerate
479 2066 509 2118 et
523 2059 599 2117 haec
615 2057 716 2119 omnia
730 2059 802 2118 lacit
816 2059 880 2133 ille,
895 2059 945 2119 ille
961 2059 1013 2135 qui
1027 2058 1130 2133 legem

115 2149 132 2203 9
147 2142 316 2204 Corneliam
330 2143 404 2203 tulit.
440 2140 610 2204 Veniamus
624 2142 665 2202 ad
674 2142 840 2217 Regulum=
863 2144 937 2219 quid
951 2143 993 2202 illi
1007 2143 1131 2204 lortuna

147 2226 258 2299 nocuit,
276 2226 359 2302 quod
370 2227 453 2287 illum
466 2228 680 2289 documentum
692 2226 773 2301 fidei,
786 2227 1000 2289 documentum
1012 2225 1131 2302 patien-

148 2311 207 2372 tiae
227 2311 318 2372 lecit?
349 2311 459 2386 Figunt
480 2320 580 2372 cutem
602 2310 681 2370 clavi
703 2318 734 2371 et
754 2326 950 2387 quocumque
970 2311 1130 2384 fatigatum

147 2413 260 2474 corpus
271 2395 443 2468 reclinavit,
462 2394 577 2457 volneri
589 2394 747 2465 incumbit,
760 2396 790 2455 in
803 2403 982 2472 perpetuum
993 2395 1131 2469 vigiliam

145 2495 300 2557 suspensa
311 2486 382 2540 sunt
390 2479 518 2540 lumina:
536 2487 649 2554 quanto
660 2480 729 2555 plus
742 2480 881 2541 tormenti
892 2487 976 2542 tanto
989 2479 1059 2554 plus
1072 2480 1130 2541 erit

145 2566 269 2640 gloriae.
303 2564 360 2624 Vis
380 2564 460 2623 scire
475 2579 566 2639 quarn
587 2580 648 2624 nou
672 2563 825 2639 poeniteat
845 2564 906 2625 hoc
924 2563 1020 2638 pretio
1036 2563 1129 2623 aesti-

146 2665 248 2710 masse
258 2648 419 2709 virtutem?
438 2647 531 2708 refice
542 2647 624 2708 illum
636 2654 666 2707 et
676 2648 759 2709 mitte
770 2649 799 2707 in
810 2655 966 2709 senatum
987 2647 1128 2708 eamdem

107 2732 325 2794 losententiam
341 2733 429 2792 dicet.
462 2731 640 2794 Feliciorem
660 2747 733 2806 ergo
756 2738 785 2791 tu
800 2731 1007 2792 Maecenatem
1025 2737 1128 2806 putas,

146 2818 195 2878 cui
210 2816 365 2877 amoribus
380 2816 472 2877 anxio
495 2823 526 2876 et
546 2831 688 2877 morosae
707 2816 814 2877 uxoris
829 2814 982 2877 cotidiana
996 2815 1129 2889 repudia

146 2900 271 2962 deflenti
286 2917 414 2962 somnus
428 2916 485 2976 per
499 2899 752 2978 symphoniarum
768 2906 888 2961 cantum
903 2917 943 2959 ex
956 2899 1127 2974 longinquo

144 2987 213 3046 lene
226 2985 437 3046 resonantium
452 2986 627 3060 quaeritura
648 2999 733 3046 mero
745 3000 780 3045 se
791 2985 863 3044 licet
876 2984 979 3060 sopiat
988 2992 1018 3044 et
1029 2999 1127 3059 aqua·

143 3087 209 3130 rum
221 3068 393 3143 hagoribus
404 3075 514 3131 avocet
524 3076 554 3129 ct
565 3069 634 3128 mile
646 3068 851 3143 voluptatibus
862 3075 994 3129 mentem
1002 3067 1126 3128 anxiam

144 3155 241 3227 lallat,
264 3160 324 3213 tam
341 3152 474 3228 vigilabit
492 3151 523 3212 in
540 3155 641 3229 pluma
657 3168 749 3227 qnam
763 3153 813 3212 ille
828 3152 858 3212 iu
874 3167 979 3213 cruce:
1008 3151 1064 3212 sed
1081 3150 1127 3213 illi

143 3238 285 3299 solatium
299 3244 347 3298 est
362 3252 417 3311 pro
431 3236 561 3297 honesto
577 3237 654 3297 dura
666 3236 795 3296 tolerare
808 3244 837 3298 et
850 3237 891 3297 ad
902 3252 1028 3298 causam
1039 3252 1058 3295 a
1071 3252 1126 3310 pa·

142 3322 246 3384 tientia
266 3320 405 3396 respicit,
428 3319 510 3380 hunc
525 3320 731 3394 voluptatibus
745 3319 915 3382 marcidum
935 3328 964 3380 et
981 3319 1126 3382 felicitate

142 3405 235 3467 nimia
248 3405 436 3467 laborantem
451 3403 549 3480 magis
562 3403 610 3464 his
627 3419 705 3479 quoe
719 3402 841 3480 patitur,
857 3413 948 3466 vexat
963 3419 1057 3465 causa
1069 3421 1125 3480 pa·

102 3502 133 3555 11
142 3490 246 3552 tiendi.
285 3489 352 3550 Non
374 3504 472 3562 usque
494 3503 531 3548 eo
551 3487 581 3548 in
602 3487 834 3564 possessionem
855 3489 977 3566 generis
998 3488 1124 3550 humani
