2438 3968
191 245 233 309 82
477 241 510 300 L.
532 239 678 299 ANNAEI
701 237 875 299 SENECAE

189 408 220 461 et
236 412 274 456 ea
288 395 475 469 deprimens,
492 408 571 467 quae
585 390 678 466 mergi
693 390 751 451 nisi
765 406 833 450 cum
848 399 1013 466 mergente
1026 409 1097 454 nou
1109 409 1174 471 poa

162 488 271 543 esunt.
311 478 387 552 Quid
408 483 503 551 ergo?
530 492 638 536 sanum
658 475 738 535 hunc
759 474 868 548 aliquis
885 484 999 550 vocat,
1026 478 1175 553 quivelut
1211 506 1213 513 ·

191 567 371 639 tempestate
392 567 551 635 correptus
576 576 636 619 non
658 559 680 618 it
703 559 759 618 sed
784 558 884 633 agitur
902 566 936 619 et
955 560 1082 622 furenti
1100 563 1173 621 malo

191 648 307 707 servit?
323 661 380 704 nec
397 645 519 704 mandat
531 641 676 703 ultionem
690 657 786 716 suam,
802 641 857 701 sed
872 641 943 716 ipse
957 643 1033 704 eius
1051 652 1173 707 exactor
1198 708 1201 713 ,

191 729 292 792 animo
307 729 395 790 simul
407 744 444 789 ac
455 744 546 787 manu
557 725 655 786 saevit
666 724 892 786 carissimorum
903 741 1089 804 eorumque
1100 743 1172 803 quaa

162 822 263 875 tmox
276 813 389 872 amissa
404 811 531 871 fleturus
548 818 604 883 est,
620 809 776 869 carnifex?
792 808 873 868 hunc
887 808 1004 884 aliquis
1018 812 1171 873 adlectum

190 897 290 958 virtuti
309 896 477 955 adiutorem
498 895 699 967 comitemque
718 892 784 966 dat,
812 892 942 953 consilia
967 893 1045 955 sine
1066 894 1170 970 quibus

191 983 286 1041 virms
299 979 370 1039 nihil
384 979 469 1052 gerit,
485 977 714 1038 obturbantem?
733 976 868 1035 caducae
878 976 1097 1055 sinistraeque
1107 984 1170 1039 sunt

192 1065 271 1123 vires
287 1075 317 1122 et
329 1061 358 1121 in
375 1061 485 1120 malum
502 1077 589 1121 suum
604 1060 738 1133 validae,
763 1059 792 1119 in
808 1075 886 1133 quas
900 1073 1034 1134 aegrum
1051 1062 1169 1124 morbus

163 1154 221 1210 oet
237 1146 376 1206 accessio
391 1143 496 1204 erexit.
526 1145 592 1204 Non
614 1151 661 1204 est
680 1159 753 1217 ergo
776 1143 859 1217 quod
876 1157 925 1203 me
938 1151 1039 1218 putes
1053 1153 1169 1222 tempus

190 1232 219 1290 in
236 1228 436 1304 supervacuis
451 1243 639 1299 consumere,
657 1228 740 1302 quod
755 1226 838 1300 iram,
854 1226 942 1300 quasi
957 1227 1080 1291 dubiae
1093 1228 1169 1306 apud

190 1314 329 1376 homines
344 1310 496 1388 opinionis
511 1312 559 1383 sit,
574 1311 723 1383 infamem,
739 1326 808 1370 cum
821 1309 933 1386 aliquis
948 1311 1035 1372 silet
1051 1313 1168 1390 quiden

191 1399 230 1458 de
247 1398 424 1458 inlustribus
437 1395 645 1471 philosophis,
669 1393 721 1469 qui
735 1394 777 1455 illi
792 1393 905 1454 indicat
918 1409 1039 1470 operas
1056 1404 1089 1459 et
1100 1403 1164 1459 taur

191 1499 281 1557 quam
301 1482 403 1542 utilem
426 1497 463 1540 ac
483 1479 606 1555 spiritus
629 1477 903 1538 subministrantem
922 1477 953 1538 in
977 1478 1120 1555 proelia,
1141 1480 1168 1541 br

190 1573 276 1628 actus
294 1582 410 1638 rerum,
431 1565 471 1623 ad
486 1580 575 1624 omne
590 1563 807 1638 quodcumque
823 1562 924 1622 calore
938 1562 1050 1638 aliquo
1066 1579 1166 1640 gerau-

164 1650 262 1717 cdum
279 1656 334 1722 est
350 1655 447 1707 vocet.
474 1648 517 1707 Ne
533 1663 623 1723 quem
635 1646 718 1704 sallat
731 1652 884 1721 tamquam
898 1644 1003 1720 aliquo
1021 1653 1167 1725 tempore,

192 1733 294 1805 aliquo
310 1732 378 1791 loco
400 1732 572 1804 protutura,
593 1728 783 1790 ostendenda
803 1735 851 1789 est
870 1726 973 1789 rabies
992 1730 1069 1792 eius
1083 1730 1166 1793 ell're

192 1822 262 1873 nata
286 1822 316 1873 et
336 1815 471 1873 adtonita
493 1815 720 1888 adparatusque
745 1812 786 1871 illi
810 1811 989 1873 reddendus
1009 1822 1065 1877 est
1087 1830 1166 1885 suus,

192 1897 290 1956 eculei
310 1904 340 1957 et
359 1897 501 1956 fidiculae
530 1906 560 1957 et
579 1896 734 1970 ergastula
753 1903 784 1956 et
806 1910 914 1955 cruces
936 1901 967 1955 et
988 1895 1167 1960 circumdati

193 1980 326 2039 defossis
353 1979 534 2054 corporibus
559 1980 646 2054 ignes
670 1986 700 2038 et
720 1978 871 2038 cadavera
894 1994 1024 2054 quoque
1047 1981 1167 2043 uallem

192 2077 305 2137 uncus,
327 2064 412 2122 varia
426 2061 617 2123 vinculorum
637 2077 765 2137 genera,
783 2061 868 2122 varia
881 2077 1073 2139 poenarum,
1094 2067 1167 2127 lace

191 2146 325 2207 rationes
346 2145 564 2220 membrorum,
582 2144 797 2221 inscriptiones
820 2144 926 2220 lrontis
947 2154 978 2207 et
1000 2145 1169 2211 bestiarum

192 2229 355 2291 inmanium
374 2246 496 2290 caveae.
528 2231 604 2290 inter
617 2230 694 2290 baec
714 2231 912 2290 instrumenta
926 2230 1114 2295 conlocetur
1128 2233 1169 2293 ira

193 2316 290 2376 dirum
314 2314 458 2390 quiddam
479 2321 570 2389 atque
592 2313 747 2374 horridum
769 2311 919 2386 stridens,
946 2314 1098 2379 omnibus
1118 2328 1169 2393 pet

193 2416 272 2475 quae
289 2398 358 2460 lurit
373 2399 485 2459 tetrior.

165 2493 181 2546 l
255 2484 306 2543 IV.
332 2485 371 2545 Ut
382 2483 420 2542 de
432 2484 541 2544 ceteris
554 2481 678 2543 dubium
691 2481 737 2552 sit,
753 2479 827 2539 nulli
840 2486 920 2540 certe
933 2480 1075 2543 adfectui
1086 2482 1170 2561 peior

193 2575 239 2628 cst
252 2569 361 2640 voltus,
378 2582 467 2640 quem
482 2567 512 2624 in
525 2565 677 2641 prioribus
691 2564 776 2624 libris
788 2563 1008 2638 descripsimus
1022 2580 1170 2643 asperum

193 2658 224 2710 et
236 2667 338 2711 acrem
353 2657 383 2710 et
396 2664 477 2709 nunc
492 2650 642 2709 subducto
662 2655 813 2708 retrorsus
833 2648 1001 2722 togatoque
1017 2651 1170 2726 sanguina

193 2733 367 2807 pallentem,
391 2735 518 2793 nuncin
540 2749 576 2792 os
593 2732 673 2790 omni
689 2732 791 2791 calore
805 2746 841 2789 ac
858 2728 967 2804 spiritu
985 2745 1085 2793 verso
1101 2733 1169 2796 sub

193 2814 394 2876 rubicundum
409 2823 439 2875 et
455 2817 581 2877 similem
597 2824 731 2888 cruento,
746 2814 833 2875 venis
849 2813 1054 2887 tumentibuS,
1074 2817 1171 2879 oculis

193 2914 274 2959 nunc
289 2900 413 2974 trepidis
429 2906 459 2959 et
473 2899 696 2972 exsilientibus,
713 2914 792 2958 nunc
808 2898 837 2957 in
853 2913 915 2956 uno
932 2896 1043 2959 obtutu
1061 2899 1172 2963 dennis

165 2990 223 3049 set
244 2983 447 3043 haerentibus.
486 2983 574 3042 adice
598 2983 731 3043 dentium
752 2984 829 3041 inter
855 2996 889 3041 se
916 2980 1122 3045 arietatorum
1145 2988 1173 3045 et

194 3067 326 3141 aliquem
339 3081 410 3126 esse
424 3064 607 3141 cupientium
621 3082 680 3125 non
696 3065 785 3125 alium
799 3080 909 3126 sonum
921 3080 1012 3140 quam
1024 3074 1081 3128 est
1090 3067 1172 3146 apris

195 3150 255 3210 tela
267 3167 326 3211 sua
340 3149 449 3209 adtritu
463 3149 650 3209 acuentibus.
684 3149 771 3208 adice
792 3147 987 3209 articulorum
1008 3151 1173 3229 crepitum,

196 3247 264 3292 cum
278 3231 411 3306 seipsae
427 3248 534 3292 manus
549 3232 690 3307 frangunt
704 3240 733 3291 et
745 3234 897 3306 pulsatum
909 3231 1037 3305 saepius
1053 3242 1174 3311 pectus,

197 3313 347 3375 anhelitus
362 3315 486 3375 crebros
503 3321 677 3390 tractosque
689 3316 779 3375 altius
791 3316 930 3391 gemitus,
946 3315 1098 3381 instabile
1108 3335 1173 3383 cor

197 3414 271 3473 pus,
303 3397 417 3457 incerta
441 3400 534 3459 verba
558 3399 666 3459 subitis
693 3399 981 3473 exclamationibus,
1008 3403 1175 3467 trementia

196 3480 282 3541 labra
301 3480 512 3558 interdumque
532 3497 700 3558 conpressa
721 3488 751 3542 et
774 3483 871 3542 dirum
891 3480 1038 3554 quiddam
1057 3486 1172 3550 exsibi-
