2438 3968
193 243 235 307 88
484 241 517 299 t.
539 241 685 300 ANNAEl
705 239 881 301 SENECAE}

194 397 287 457 tiente
301 401 333 454 et
345 393 384 453 ab
401 394 481 455 omni
496 391 618 453 homine
640 408 730 467 quem
751 392 855 467 aliqua
873 407 931 453 res
953 393 1033 455 urit
1062 402 1173 458 nemu

195 481 300 540 ulcera
320 478 359 537 ad
380 480 477 538 levem
498 484 624 548 tactum,
652 475 764 536 deinde
783 474 874 535 etiarn
896 477 941 537 ad
963 478 1172 556 suspicionem

196 570 295 623 tactus
311 563 544 631 condolescunt,
566 561 607 620 ita
621 561 739 619 animus
754 561 896 619 adiectus
920 561 1066 624 minimis
1086 563 1170 626 offer

196 647 282 717 ditur,
298 646 376 706 adeo
396 653 430 706 ιιι
444 645 595 721 quosdam
613 645 753 704 salutatio
774 649 804 702 et
818 642 955 717 epistula
976 653 1013 707 et
1034 648 1170 711 oratiott

195 732 388 806 interrogatio
408 729 438 788 in
452 730 535 789 litem
550 736 687 787 evocent.

163 827 178 879 1
249 816 285 876 Χ.
300 816 470 888 Numquam
478 813 678 886 sinequerela
691 827 785 886 aegro
794 818 972 885 tanguntur.
991 831 1014 874 o
1023 816 1168 890 ptimo·

193 900 399 972 estitaque
414 897 630 972 adprimurn
644 896 902 955 malisensum
916 897 1167 960 mederisibi

194 990 256 1043 tum
270 981 372 1041 verbis
395 996 518 1056 quoque
540 979 605 1039 suis
630 979 785 1039 minimum
806 978 955 1040 libertatis
977 981 1064 1042 dare
1083 991 1115 1045 et
1131 984 1167 1043 ic
1211 1004 1213 1051 ;

162 1065 298 1130 alibero
324 1066 468 1138 inpetum.
511 1064 612 1123 Facile
635 1072 682 1124 est
702 1070 800 1123 autem
823 1061 966 1123 adiectus
991 1080 1087 1141 suos,
1109 1082 1166 1129 curu

195 1149 323 1224 primum
345 1150 494 1219 oriuntur,
518 1147 763 1221 deprehendere:
784 1145 961 1206 morborum
977 1149 1078 1224 signa
1091 1167 1166 1227 prae

194 1239 326 1292 currunt.
357 1231 611 1308 quemadmodum
626 1228 816 1306 tempestatis
836 1245 872 1289 ae
892 1229 1029 1304 pluviae
1044 1242 1116 1296 ante
1128 1236 1154 1311 ip

195 1333 248 1376 sas
271 1325 361 1378 nome
374 1315 513 1388 veniunt,
535 1316 576 1374 itu
591 1315 663 1388 irae,
685 1315 797 1374 umoris
820 1314 1027 1391 omniumque
1048 1317 1166 1381 isurm

193 1403 394 1477 procellarum
405 1399 523 1460 animos
536 1397 711 1459 vexantium
724 1405 795 1459 sunt
809 1397 962 1472 quaedam
977 1402 1166 1474 praenuntia

160 1489 179 1545 3
194 1484 249 1560 Qui
264 1486 407 1546 comitiali
421 1485 494 1544 vitio
510 1487 610 1545 solent
624 1483 751 1558 corripi,
768 1484 827 1542 iam
842 1482 1017 1544 adventare
1035 1486 1166 1549 valitudi

193 1585 262 1628 nem
278 1571 462 1644 intellegunt
486 1570 514 1628 si
529 1569 613 1628 calor
627 1583 744 1628 summa
758 1565 893 1626 deseruit
912 1573 944 1626 et
958 1566 1121 1632 incertum
1131 1573 1165 1631 lu
1211 1596 1213 1601 ·

192 1669 260 1711 men
276 1669 502 1727 nervorumque
523 1653 684 1726 trepidatio
699 1657 761 1723 est,
784 1648 812 1709 si
831 1650 978 1709 memoria
999 1652 1167 1715 sublabitur

193 1744 345 1810 caputque
370 1742 518 1795 versatur.
555 1735 652 1795 solitis
673 1736 775 1808 itaque
797 1733 940 1793 remediis
968 1733 1166 1814 incipientem

193 1834 317 1877 causam
339 1827 490 1893 occupant
510 1827 540 1879 et
561 1820 656 1880 odore
676 1826 828 1893 gustuque
848 1815 1001 1892 quicquid
1025 1821 1167 1898 estquod

192 1901 303 1960 alienat
316 1901 450 1975 animos,
464 1903 630 1978 repellitur:
653 1911 705 1963 aut
721 1899 863 1961 lomentis
883 1909 994 1961 contra
1015 1904 1120 1980 frigus
1136 1906 1166 1965 ri

191 2000 358 2060 goremque
374 1994 540 2061 pugnatur,
555 1993 607 2045 aut
622 1985 649 2047 si
666 2002 772 2061 parum
788 1984 938 2044 medicina
954 1988 1110 2065 proiecit,
1130 1988 1167 2048 vi-

159 2069 331 2129 tiaverunt
342 2069 459 2129 turbam
471 2076 501 2129 et
511 2069 578 2129 sine
593 2077 669 2130 teste
681 2070 863 2130 ceciderunt.
885 2067 1022 2131 Prodest
1033 2074 1167 2135 morbum

192 2168 281 2213 suum
295 2169 389 2213 nosse
402 2160 432 2213 et
446 2152 526 2212 vires
538 2154 773 2230 eiusantequam
784 2150 962 2227 spatientur,
979 2156 1166 2231 opprimere

192 2237 349 2298 videamus
365 2237 438 2312 quid
452 2239 499 2309 sit,
516 2239 599 2313 quod
612 2254 670 2298 nos
684 2237 815 2297 maxime
826 2236 970 2296 concitem
988 2238 1094 2302 alium
1108 2256 1167 2302 ver

190 2321 314 2396 borum,
335 2322 426 2381 alium
444 2337 544 2381 rerum
559 2323 758 2385 contumeliae
773 2326 904 2380 movent.
933 2318 983 2380 hic
998 2326 1075 2387 vult
1088 2324 1166 2386 nobi

191 2405 273 2479 litati,
287 2406 336 2466 hie
351 2408 466 2466 lormae
474 2422 549 2466 suae
564 2406 657 2482 parci.
679 2405 728 2465 hic
739 2404 984 2478 elegantissimus
993 2403 1113 2469 haberi
1123 2424 1166 2471 cu

193 2491 249 2565 pit,
265 2491 314 2550 ille
329 2491 535 2551 doctissimus.
557 2491 606 2550 hic
617 2488 780 2564 superbiae
792 2487 943 2563 inpatiens
956 2496 1016 2560 est,
1034 2491 1166 2554 lriccon

191 2575 347 2635 tumaciae.
375 2575 425 2634 ille
447 2591 554 2635 servos
570 2590 630 2635 non
647 2580 731 2649 putat
745 2573 854 2647 dignos
876 2571 988 2646 quibus
1006 2572 1166 2649 irascatur,

126 2687 131 2696 -
190 2656 239 2717 hie
254 2658 331 2719 intra
348 2660 470 2719 domum
486 2675 598 2719 saevus
615 2666 675 2731 est,
701 2656 776 2718 loris
792 2656 881 2716 mitis.
904 2655 953 2714 ille
968 2660 1082 2732 rogari
1096 2658 1166 2721 invi

191 2740 272 2801 diam
287 2740 408 2816 iudicat,
424 2743 547 2803 hicnon
563 2743 664 2818 rogari
680 2739 901 2802 contumeliam.
923 2739 990 2800 Non
1001 2756 1120 2807 omnes
1133 2741 1166 2805 ab
1209 2776 1212 2783 ·

191 2825 297 2884 eodem
314 2833 399 2901 parte
421 2827 581 2887 feriuntur:
612 2826 690 2886 scire
712 2827 814 2899 itaque
829 2831 963 2898 oportet,
988 2827 1071 2899 quid
1091 2828 1167 2889 inu

190 2908 362 2970 inbecillum
377 2911 432 2985 sit,
447 2918 481 2971 ut
494 2910 526 2971 id
542 2909 672 2970 maxime
688 2916 842 2984 protegas.

159 3002 174 3057 1
249 2992 300 3052 xl.
321 2993 386 3054 Non
399 2995 524 3069 expedit
542 2995 643 3056 omnia
653 2992 771 3066 videre,
793 2992 894 3053 omnia
914 2991 1033 3052 audire.
1058 2997 1168 3059 multat

189 3093 248 3139 nos
269 3076 396 3138 iniuriae
409 3085 579 3153 transeunt,
601 3094 639 3138 ex
662 3079 772 3152 quibus
788 3077 954 3152 plerasque
973 3092 1040 3138 uon
1058 3078 1168 3157 accipi

191 3159 244 3237 qui
258 3161 363 3222 nescit
396 3161 463 3223 Non
478 3159 526 3222 vis
548 3178 619 3223 esse
634 3161 823 3222 iracundus?
844 3176 882 3220 ne
895 3156 991 3219 tueris
1012 3164 1166 3227 annosus

191 3243 244 3321 qui
257 3243 382 3321 inquirit
394 3246 468 3321 quid
482 3246 510 3305 in
527 3262 562 3307 se
575 3246 747 3318 dictumst,
767 3244 818 3319 qui
830 3244 980 3319 malignos
993 3259 1167 3319 sermones,

190 3327 308 3390 edumei
321 3336 440 3390 secreto
454 3329 547 3390 habiti
560 3336 640 3403 sunt
656 3329 741 3401 eruit,
759 3344 793 3389 se
809 3328 877 3402 ipsa
888 3325 1049 3402 inquietat.
1076 3344 1167 3408 quae

190 3411 261 3473 dam
275 3409 482 3489 interpretatio
498 3429 536 3475 eo
552 3413 705 3488 perducit,
721 3417 753 3472 ut
769 3412 931 3472 uideantur
945 3410 1096 3477 iniuriaer
1117 3416 1168 3477 ito·

190 3510 251 3575 qne
270 3495 330 3559 aliu
353 3494 523 3557 differenda
542 3503 627 3564 sunt,
648 3495 707 3555 alia
728 3494 910 3565 deridenda,
931 3493 991 3554 alio
1009 3495 1169 3563 donanda
