2438 3968
136 188 138 191 ’
162 223 215 284 nn
238 225 462 286 casulanum
488 226 540 286 nu
560 226 655 286 vnn
672 227 814 288 auara.
839 235 926 289 s-s.
972 222 1036 296 143

11 454 15 462 ¹
56 379 194 439 dicamus
210 377 363 439 bominem
380 378 464 450 eum,
487 376 535 438 cui
551 379 665 438 nullum
680 378 792 439 bonum
807 381 980 455 malumque
994 380 1034 440 sit

56 461 116 523 nisi
131 461 231 522 bonus
248 463 407 538 malusque
424 461 559 522 animust
581 461 701 523 honesti
718 465 822 537 cultor,
838 464 945 524 virtute
960 478 1030 524 con-

56 553 173 619 tentus,
200 561 290 621 quem
314 562 372 606 nec
399 548 545 606 extollant
572 546 694 606 fortuita
719 562 776 606 nec
801 547 954 622 frangant,
980 549 1032 623 qui

56 631 171 690 nullum
188 630 285 690 maius
298 631 411 691 bonurn
427 645 464 690 eo
481 631 565 706 quod
581 631 638 690 sibi
653 631 721 705 ipse
738 630 811 689 dare
827 636 928 706 potest
939 648 1031 693 nove-

56 718 108 786 rit,
133 712 182 773 cui
196 730 269 774 vera
286 715 429 791 voluptas
445 713 500 774 erit
513 715 699 790 voluptatum
716 713 910 790 contemptio.
942 715 1068 789 Licet&

56 799 83 858 si
99 799 222 874 evagari
240 799 331 871 velis,
352 800 431 858 idem
454 800 483 857 in
506 799 593 858 aliam
609 805 700 873 atque
716 797 804 860 aliam
822 797 931 858 faciem
947 800 1034 858 salva

56 890 87 943 et
107 882 224 958 integra
247 889 397 958 potestate
418 885 591 942 transferre.
620 883 693 956 quid
714 883 793 942 enim
815 882 955 957 prohibet
975 899 1037 953 nos

57 970 175 1027 beatam
192 967 281 1026 vitam
296 966 399 1027 dicere
416 965 543 1026 liberum
559 965 689 1026 animum
705 974 734 1027 et
747 974 881 1027 erectum
896 974 928 1027 et
942 967 1035 1027 inter.

57 1052 147 1110 ritum
163 1067 199 1110 ac
214 1050 368 1121 stabilem,
387 1058 472 1111 extra
486 1057 610 1121 metum,
630 1058 716 1110 extra
738 1051 931 1126 cupiditatem
949 1052 1036 1126 posia
1102 1055 1104 1067 '

57 1143 137 1209 tum,
157 1135 205 1195 cui
227 1151 319 1195 unum
335 1134 449 1196 bonum
469 1135 508 1195 sit
522 1134 684 1207 honestas,
706 1152 799 1195 unuin
813 1136 924 1195 malurn
938 1137 1032 1210 turpi-

56 1220 147 1293 tudo,
171 1225 273 1279 cetera
293 1219 359 1278 vilis
381 1220 468 1280 turba
487 1235 589 1280 rerum
609 1233 666 1277 nec
687 1219 850 1280 detrahens
869 1220 1034 1295 quicquam

56 1304 165 1364 beatae
181 1304 260 1364 vitae
271 1319 329 1362 nec
340 1302 486 1374 adiciens,
503 1304 570 1363 sine
581 1309 673 1362 auctu
684 1319 721 1364 ac
732 1304 910 1364 detrimento
923 1305 1033 1371 summi

57 1388 130 1447 boni
145 1388 271 1447 veniens
287 1402 323 1447 ac
339 1388 498 1446 recedens.
523 1388 589 1446 Hoc
604 1387 645 1446 ita
659 1387 817 1447 fundatum
832 1402 961 1447 necesse
976 1392 1061 1460 esti

58 1472 130 1531 velit
144 1472 225 1544 nolit,
240 1479 388 1545 sequatur
401 1471 536 1530 hilaritas
549 1470 690 1529 continua
703 1477 733 1530 et
746 1469 858 1531 laetitia
870 1471 930 1532 alta
941 1475 1032 1546 atque

57 1558 171 1615 exalto
190 1555 329 1627 veniens,
351 1561 383 1613 ut
403 1570 482 1630 quae
504 1555 567 1614 suis
583 1553 716 1629 gaudeat
729 1570 785 1613 nec
798 1553 914 1614 maiora
928 1555 1031 1615 dome·

57 1638 144 1698 sticis
159 1638 269 1714 cupiat.
299 1637 408 1711 Quidni
429 1638 487 1698 ista
502 1638 580 1697 bene
595 1645 705 1713 penset
718 1654 786 1698 cum
801 1637 922 1698 minutis
937 1648 967 1699 et
983 1639 1033 1697 lri-,

58 1722 137 1782 volis
158 1729 189 1782 et
213 1738 273 1782 non
303 1722 571 1797 perseverantibus
591 1722 766 1796 corpusculi
786 1722 937 1783 motibus?
970 1740 1034 1799 quo

59 1806 109 1865 die
129 1807 207 1866 inira
228 1807 412 1881 voluptatem
435 1806 538 1878 luerit,
560 1813 589 1866 et
603 1806 682 1866 inira
698 1806 835 1867 dolorem
851 1806 916 1867 erit.
945 1808 1031 1867 vides

60 1899 173 1961 autem,
203 1906 293 1964 quarn
318 1891 425 1950 malam
447 1898 476 1950 et
496 1889 657 1951 noxiosam
672 1891 846 1951 servitutem
862 1891 1031 1952 serviturus

58 1974 112 2046 sit,
138 1989 229 2050 quern
249 1975 423 2049 voluptates
445 1974 646 2049 doloresque,
672 1975 874 2036 incertissima
899 1975 1032 2041 dominia

58 2057 374 2134 inpotentissimaque,
394 2057 517 2119 alternis
532 2058 749 2134 possidebunt=
772 2075 846 2134 ergo
860 2060 1061 2135 exeundum&

59 2142 98 2202 ad
114 2144 280 2204 libertatem
295 2151 350 2204 cst.
372 2143 450 2203 bane
462 2160 522 2203 non
537 2141 597 2204 alia
606 2160 658 2203 res
675 2144 777 2204 tribuit
789 2160 880 2219 quam
893 2144 1031 2210 fortunae

59 2228 263 2301 neglegentiaz
285 2233 347 2287 tum
361 2226 434 2287 illud
450 2228 562 2287 orietur
572 2225 793 2288 inaestimabile
804 2227 926 2301 bonum,
944 2227 1031 2302 quies

58 2311 166 2370 mentis
184 2311 213 2369 in
229 2318 293 2372 tuto
309 2312 468 2371 conlocata
483 2318 514 2371 et
527 2310 696 2371 sublimitas
716 2311 916 2385 expulsisque
937 2317 1030 2371 terro-

57 2393 142 2452 ribus
168 2410 207 2453 ex
239 2393 411 2469 cognitione
434 2395 499 2453 veri
525 2393 669 2468 gaudium
693 2395 808 2468 grande
833 2401 863 2454 et
887 2395 1032 2454 inmotum

59 2477 249 2554 comitasque
265 2485 295 2538 et
309 2477 432 2539 diffusio
453 2478 558 2548 animi,
580 2477 690 2552 quibus
711 2477 909 2538 delectabitur
924 2495 984 2537 non
1000 2485 1033 2538 ut

58 2562 157 2633 bonis,
174 2562 228 2621 sed
245 2569 277 2622 ut
290 2577 331 2621 ex
345 2564 426 2622 bono
444 2577 501 2623 suo
519 2560 602 2622 ortis.

121 2645 159 2704 V.
189 2645 336 2718 Quoniam
361 2645 524 2707 liberaliter
549 2661 640 2720 agere
665 2646 769 2720 coepi,
799 2651 899 2720 potest
923 2644 1059 2709 beatusl

58 2730 133 2801 dici,
152 2730 203 2804 qui
219 2745 276 2791 nec
291 2728 375 2804 cupit
389 2743 446 2788 nec
461 2729 545 2790 timet
559 2727 707 2789 beneficio
722 2727 859 2789 rationis.
889 2730 1030 2805 quoniam

57 2822 88 2875 et
103 2831 180 2873 saxa
199 2814 305 2875 timore
320 2820 351 2874 et
363 2813 482 2873 tristitia
497 2820 600 2872 carent
615 2828 672 2874 nec
686 2813 786 2873 minus
803 2814 952 2889 pecudes,
971 2831 1030 2874 non

57 2899 128 2958 ideo
147 2905 246 2958 tamen
265 2897 429 2973 quisquam
446 2897 546 2956 lelicia
561 2896 685 2970 dixerit,
701 2895 813 2973 quibus
830 2914 889 2958 non
906 2906 955 2960 est
969 2899 1031 2958 leli·

57 2981 157 3043 citatis
182 2981 362 3042 intellectus.
393 2980 501 3041 eodem
523 2981 591 3041 loco
613 2997 695 3056 pone
718 2982 870 3054 homines,
899 2998 977 3057 quos
1002 2982 1061 3050 ina

57 3081 215 3127 numerum
233 3081 377 3140 pecorum
399 3071 430 3124 et
449 3064 621 3125 animalium
636 3063 753 3140 redegit
769 3065 865 3125 hebes
881 3073 988 3126 natura
1004 3074 1034 3127 et

56 3150 207 3226 ignoratio
223 3150 281 3210 sui.
305 3148 377 3209 nibil
392 3149 518 3209 interest
531 3149 607 3209 inter
620 3147 678 3208 hos
693 3156 722 3208 et
737 3149 800 3221 illa,
815 3148 958 3223 quoniam
974 3150 1032 3211 illis

56 3235 140 3297 nulla
153 3234 229 3294 ratio
244 3241 300 3307 est,
317 3233 365 3292 bis
381 3248 475 3308 prava
491 3239 521 3291 et
536 3233 614 3291 malo
629 3249 686 3292 suo
702 3239 792 3307 atque
806 3231 836 3292 in
852 3249 1032 3309 perversum

57 3320 179 3380 sollers.
212 3319 320 3378 beatus
342 3318 421 3376 enim
444 3331 532 3375 nemo
554 3315 613 3376 dici
642 3323 742 3391 potest
766 3323 852 3377 extra
876 3317 1031 3380 veritatem

56 3401 222 3479 proiectus.
251 3403 346 3462 Beata
368 3416 441 3475 ergo
458 3399 517 3460 vita
535 3397 630 3460 estin
654 3407 737 3461 recto
754 3407 899 3476 certoque
918 3402 1062 3476 iudicioa

56 3486 187 3547 stabilita
200 3492 229 3544 et
243 3482 435 3545 inmutabilis.
459 3492 530 3558 tune
546 3483 624 3542 enim
640 3500 716 3559 pura
731 3501 817 3546 mens
830 3495 877 3547 est
890 3494 920 3547 et
930 3488 1033 3548 soluta
