2438 3968
157 261 210 318 nt)
233 259 416 319 MARCIAM
437 259 487 319 ltu
510 257 808 318 consonatione
837 265 939 320 7-10.
977 256 1040 321 119

62 421 172 473 tantus.
207 421 250 472 tot
271 411 382 470 acerba
402 412 523 470 lunera:
550 428 606 471 nos
627 418 728 486 togam
750 420 922 472 nostrorum
942 414 1038 473 inian-

62 499 150 570 tium,
171 512 229 557 nos
250 495 383 553 militiam
406 503 435 554 et
456 502 601 568 paternae
616 495 791 555 hereditatis
808 497 1038 559 successionem

61 580 211 655 agitamus
234 578 344 638 animo.
373 585 417 639 161
439 579 563 638 diuitum
585 579 685 638 subita
704 587 868 654 paupertas
885 580 914 639 in
930 583 1037 643 oculos

61 662 167 725 incidit
187 671 217 722 61
237 663 326 723 nobis
346 678 512 736 numquam
533 662 563 721 in
579 670 709 722 mentem
724 664 807 723 venit
821 671 942 724 nostras
962 681 1037 741 quo-

63 763 123 824 que
145 762 222 822 opes
244 761 343 820 aeque
364 744 531 806 inlubrico
553 748 685 820 positas:
716 762 846 807 necesse
868 756 915 807 est
934 749 1038 824 itaque

61 832 159 905 magis
176 845 368 902 corruamus,
391 829 442 904 qui
464 831 552 904 quasi
568 846 606 888 ex
622 831 777 905 inopinato
793 830 925 891 terimur.
961 848 1039 907 quae

61 915 155 976 multo
171 921 240 974 ante
249 917 360 989 proerd
371 917 433 974 uisa
449 925 533 987 sunt,
550 915 721 989 languidius
736 915 901 975 incurrunt.
936 917 992 976 Vis
1008 921 1068 976 tus

62 1001 142 1060 scire
157 1005 186 1057 te
201 998 239 1057 ad
257 998 355 1056 omnis
372 998 544 1072 expositum
562 998 639 1057 ictus
662 1005 743 1057 stare
758 1006 789 1058 et
802 999 853 1058 illa
868 1016 947 1074 quae
961 1000 1038 1059 alios

61 1084 121 1142 tela
146 1082 292 1152 fixerunt,
320 1082 400 1140 circa
424 1089 454 1140 te
475 1083 634 1141 vibrasset
665 1083 748 1142 velut
768 1100 885 1142 murum
907 1084 1039 1158 aliquem

63 1175 116 1225 aut
140 1165 303 1226 obsessum
328 1167 421 1224 multo
447 1164 536 1225 hoste
562 1167 661 1226 locum
686 1175 716 1225 et
737 1167 863 1226 arduum
885 1169 1039 1228 adscensu

63 1249 222 1310 semermis
239 1250 349 1320 adeaS,
374 1257 522 1323 exspecta
544 1249 653 1309 volnus
674 1256 703 1308 et
720 1251 770 1308 illa
785 1265 919 1325 superne
933 1252 1036 1311 volan-

61 1333 105 1393 tia
125 1349 193 1393 cum
216 1333 333 1407 sagittis
354 1332 488 1407 pilisque
508 1350 584 1392 saxa
605 1333 636 1392 in
657 1341 740 1393 tuum
761 1342 835 1407 puta
850 1334 956 1394 librata
972 1350 1038 1394 cor·

62 1434 131 1493 pus.
162 1418 304 1493 quotiens
324 1416 439 1490 aliquid
459 1416 499 1474 ad
520 1419 598 1477 latus
620 1423 672 1476 aut
691 1433 772 1490 pone
787 1425 903 1492 tergum
920 1416 1037 1478 cecide-

61 1501 115 1572 rit,
138 1500 290 1560 exclama=
318 1516 399 1573 „non
421 1499 557 1574 decipies
579 1516 642 1571 me,
664 1501 800 1571 fortuna,
824 1517 881 1560 nec
897 1516 1039 1562 securum

62 1591 116 1644 aut
131 1586 339 1657 neglegentem
358 1584 523 1658 opprimes.
551 1582 615 1644 scio
638 1584 710 1658 quid
731 1600 838 1657 pares:
861 1584 950 1644 alium
973 1586 1038 1659 qui-

63 1669 133 1728 dem
150 1665 339 1741 percussisti,
356 1668 412 1726 sed
427 1682 475 1724 me
491 1668 622 1740 petisti.“
651 1667 724 1740 Quis
739 1684 881 1742 umquam
900 1677 1066 1731 16661664

64 1751 153 1826 quasi
170 1751 321 1825 periturus
336 1749 499 1825 adspexit?
529 1752 597 1826 quis
613 1768 756 1826 umquam
772 1759 905 1811 vestrum
921 1753 959 1811 de
973 1753 1035 1812 exi-

63 1837 119 1907 116,
142 1835 180 1894 de
202 1841 351 1909 egestate,
374 1835 413 1893 de
429 1834 510 1894 luctu
527 1833 660 1909 cogitare
674 1851 769 1896 ausus
786 1842 853 1896 6611
881 1835 949 1910 quis
965 1852 1036 1909 non,

64 1920 91 1978 si
106 1919 305 1979 admoneatur
318 1925 350 1978 ut
363 1917 490 1993 cogitet,
513 1925 666 1994 tamquam
689 1919 786 1979 dirum
808 1935 896 1979 omen
911 1928 1038 1994 respuat

63 2003 143 2062 etin
166 2003 266 2079 capita
286 2001 475 2062 inimicorum
495 2011 547 2062 aut
564 2004 662 2076 ipsius
685 2003 887 2078 intempestivi
909 2003 1036 2066 monito·

62 2088 105 2146 ris
121 2085 205 2145 abire
225 2084 276 2145 illa
297 2086 418 2145 iubeat?
447 2087 532 2159 „Non
555 2087 658 2161 putavi
674 2088 837 2148 futurum.“
870 2087 1065 2164 Quicquamo

63 2180 96 2232 tu
110 2177 200 2244 putas
217 2187 277 2230 nnn
294 2172 439 2242 11111111,
458 2170 540 2245 quod
556 2170 657 2232 multis
672 2172 734 2231 scis
751 2187 844 2247 posse
859 2172 934 2243 steri,
953 2173 1037 2248 quod

63 2254 164 2314 multis
180 2255 265 2314 vides
282 2253 447 2314 evenisset
472 2255 633 2329 Egregium
653 2272 776 2315 versum
798 2263 827 2315 et
846 2255 969 2329 dignum
986 2255 1037 2331 qui

62 2354 125 2398 non
140 2355 157 2398 6
172 2340 288 2413 populo
303 2339 412 2398 exiret:

80 2423 89 2437 ‘
194 2425 286 2483 cuiuis
297 2431 391 2497 potest
404 2423 542 2482 cecidere
555 2423 635 2496 quod
646 2424 781 2495 66166611
793 2420 908 2498 potest!

62 2508 117 2566 ille
137 2505 238 2565 amisit
258 2506 387 2566 liberos:
416 2513 446 2565 et
465 2512 497 2564 tu
518 2507 653 2565 amittere
676 2512 774 2579 potes.
807 2506 856 2565 1116
878 2507 1037 2565 damnatus

63 2597 127 2649 est:
153 2597 183 2649 et
200 2597 252 2649 tua
271 2588 443 2650 innocentia
463 2589 520 2648 sub
543 2590 604 2649 ictu
625 2596 679 2648 est.
714 2597 811 2649 terror
831 2589 952 2664 decipit.
987 2589 1037 2650 hio

64 2673 232 2744 effeminat,
255 2674 326 2733 dum
346 2672 476 2747 patimur
498 2690 576 2748 quae
597 2689 758 2747 numquam
781 2674 842 2749 pati
863 2690 921 2734 nos
943 2688 1037 2748 posse

64 2757 264 2833 providimus.
304 2758 403 2816 aufert
426 2756 486 2815 vim
512 2756 723 2831 praesentibus
749 2758 835 2817 malis
862 2759 912 2832 qui
937 2760 1037 2819 lutura

63 2842 234 2918 prospexit.

125 2925 162 2984 X.
185 2922 334 2999 Quicquid
352 2931 400 2983 est
419 2923 494 2996 hoc,
513 2923 642 2996 Marcia,
667 2925 748 2999 quod
764 2925 845 2984 circa
860 2941 916 2984 nos
932 2941 971 2984 ex
985 2926 1065 2987 ad·l

63 3009 195 3069 venticio
211 3009 319 3082 fuiget,
335 3007 435 3078 liberi,
452 3007 601 3078 honores,
624 3025 716 3083 opes,
737 3010 839 3083 ampla
853 3009 928 3069 atria
943 3016 973 3068 et
987 3023 1037 3068 ex-

65 3094 219 3154 clusorum
234 3091 385 3152 clientium
400 3091 488 3152 turba
502 3092 613 3151 referta
629 3093 791 3163 vestibula,
815 3094 910 3163 clara,
927 3092 1037 3152 nobilis

63 3184 115 3237 eut
135 3176 270 3237 formosa
291 3176 403 3237 coniux
421 3184 583 3248 ceteraque
604 3192 643 3236 ex
664 3177 779 3235 ineerta
793 3183 822 3236 et
837 3175 939 3236 mobili
954 3185 1037 3237 sorte

65 3259 230 3335 pendentia
261 3260 348 3320 alieni
382 3258 627 3334 commodatique
657 3260 824 3333 adparatus
849 3269 928 3321 sunt.
964 3259 1037 3321 nihil

63 3345 172 3404 horum
194 3343 275 3404 dono
297 3344 399 3404 datur:
430 3344 586 3404 collaticiis
613 3344 705 3404 etad
730 3343 870 3405 dominos
895 3344 1037 3406 redituris

64 3428 271 3489 instrumentis
287 3443 381 3488 scena
395 3427 570 3489 adornatur.
591 3427 650 3488 alia
665 3444 703 3487 ex
719 3425 768 3487 his
783 3427 879 3501 primo
896 3429 959 3499 die,
978 3429 1037 3488 alia

66 3512 202 3572 secundo
218 3512 394 3584 referentur,
409 3528 510 3587 pauca
523 3513 673 3587 usquead
685 3511 775 3572 finem
788 3511 1037 3588 perseverabunt.
