2438 3968
140 207 205 268 214
340 216 373 275 L.
393 219 540 281 ANNAEI
560 222 735 287 SENECAE
756 227 859 288 DIAL.
874 229 910 289 X.

111 368 129 420 5
143 362 239 435 plexu
254 375 424 430 scortorum
440 381 491 433 aut
504 374 575 435 vino
591 376 737 452 exigunt?
758 380 834 440 Inde
848 382 938 442 etiam
954 391 1111 457 poctarum

142 446 227 540 turon
241 449 352 514 fabulis
367 453 517 518 humanos
532 475 654 520 errores
669 463 823 537 alentium,
841 466 953 539 quibus
968 467 1055 527 visus
1068 477 1113 530 est

139 529 256 623 iupiter
269 538 424 614 voluptate
439 545 618 604 concubitus
630 546 780 607 delenitus
788 548 967 622 duplicasse
977 558 1113 613 noctem:

141 613 215 686 quid
237 619 320 682 aliud
340 629 388 684 est
404 623 475 685 vitia
490 635 595 688 nostra
608 630 772 691 incendere
789 647 879 706 quam
896 640 1040 696 auctores
1054 634 1114 695 illis

139 697 312 766 inscribere
330 708 406 769 deos
425 718 455 770 et
469 711 542 772 dare
558 712 664 773 morbo
681 716 821 789 exemplo
840 717 1006 778 divinitatis
1022 734 1113 780 excu-

139 786 239 844 satam
254 787 425 854 licentiamt
438 805 569 870 possunt
582 795 648 856 istis
663 814 724 858 non
737 799 939 860 brevissimae
949 801 1049 861 videri
1061 819 1112 863 no-

139 872 215 941 ctes,
230 888 308 946 quas
320 883 379 936 tam
392 893 462 940 care
473 888 664 942 mercantur?
678 881 757 942 diem
769 883 867 944 noctis
880 887 1114 958 exspectatione

140 951 287 1031 perdunt,
304 969 423 1023 noctem
437 965 514 1025 lucis
528 972 620 1025 metu.

104 1050 122 1106 1
157 1123 163 1133 ι
201 1036 296 1138 XYll.
316 1045 407 1121 ipsae
423 1050 596 1125 voluptates
611 1065 715 1110 eorum
728 1050 865 1124 trepidae
877 1053 1109 1114 etvariisterro·

138 1121 226 1220 ribus
237 1131 390 1204 inquietae
401 1142 471 1193 sunt
481 1135 623 1210 subitque
634 1151 703 1195 cum
715 1133 844 1193 maxime
855 1138 1040 1198 exsultantis
1053 1139 1113 1199 sol·

140 1211 224 1270 hetta
237 1216 395 1290 cogitatio:
411 1217 508 1291 „haec
523 1235 615 1294 quam
629 1219 727 1278 diut“
747 1218 795 1276 Ab
809 1217 869 1279 hoc
884 1221 1010 1281 adiectu
1024 1236 1113 1296 reges

142 1308 231 1356 suam
255 1296 370 1360 flevere
395 1302 569 1378 potentiam.
601 1318 658 1363 nec
682 1302 750 1362 ilios
774 1303 951 1376 magnitudo
974 1305 1114 1365 fortunae

142 1395 219 1444 suae
242 1383 417 1460 delectavit,
447 1389 504 1448 sed
525 1394 670 1447 neuturus
692 1386 855 1460 aliquando
870 1387 942 1449 finis
958 1391 1113 1449 exterruit

112 1467 216 1533 atium
240 1483 295 1543 per
322 1486 431 1546 magna
453 1479 628 1546 camporum
649 1470 747 1545 spatia
761 1469 932 1544 porrigeret
946 1473 1114 1534 exercitum

144 1566 201 1612 nec
226 1569 383 1614 numerum
398 1555 479 1629 eius,
503 1556 560 1615 sed
576 1570 746 1614 mensuram
762 1553 1029 1628 conprehenderet
1043 1556 1114 1616 Per-

144 1652 246 1699 sarum
261 1655 318 1698 rex
331 1639 601 1713 insolentissimus,
616 1639 756 1700 lacrimas
770 1638 920 1711 protudit,
938 1640 1024 1714 quod
1036 1641 1114 1700 intra

145 1727 266 1782 centum
278 1738 375 1783 annos
387 1740 476 1784 nemo
488 1722 775 1784 exmntuiuventute
785 1723 1001 1795 superfuturus
1014 1733 1114 1785 esset:

145 1812 176 1865 at
189 1804 248 1864 illis
263 1806 440 1868 admoturus
456 1816 521 1869 erat
536 1808 628 1868 tatum
642 1805 719 1880 ipse,
736 1803 789 1879 qui
803 1804 905 1879 flebat,
920 1807 1115 1880 perditurus·

147 1904 207 1962 que
224 1888 301 1948 alios
315 1890 345 1948 in
360 1892 450 1963 muri,
465 1892 541 1952 alios
555 1892 690 1962 interra,
709 1888 785 1948 alios
797 1889 932 1962 proelio,
949 1889 1029 1950 alios
1041 1892 1115 1966 suga

147 1980 176 2032 et
190 1973 267 2031 iutra
282 1975 424 2048 exiguum
439 1981 557 2048 tempus
574 1979 809 2048 consumpturus
820 1971 899 2045 illos,
916 1974 1030 2048 quibus
1043 1990 1113 2034 ceu·

111 2068 129 2123 3
145 2056 284 2116 tesimum
300 2073 411 2117 annum
428 2057 559 2118 timebat.
589 2057 682 2131 Quid,
698 2056 781 2130 quod
798 2057 909 2129 gaudia
923 2073 1050 2132 quoque
1062 2074 1114 2119 eo·

145 2157 210 2201 rum
226 2141 344 2216 trepida
358 2148 449 2202 sunt?
462 2158 522 2201 non
537 2141 617 2201 enirn
632 2139 739 2203 solidis
754 2140 856 2199 causis
868 2140 1044 2215 innituntur,
1058 2143 1113 2203 sed

146 2226 268 2296 eadem,
298 2242 358 2300 qua
379 2226 528 2296 oriuntur,
549 2227 681 2285 vanitate
693 2224 860 2284 turbantur.
891 2223 998 2298 Qualia
1013 2231 1114 2287 autem

148 2317 235 2385 putas
259 2324 330 2370 esse
353 2317 490 2384 tempora
510 2311 598 2369 etiam
614 2310 750 2385 ipsorum
771 2307 967 2369 confessione
984 2309 1113 2384 misera,

146 2410 214 2454 cum
229 2394 306 2454 haec
322 2410 454 2469 quoquc,
470 2394 580 2468 quibus
595 2410 629 2454 se
643 2394 791 2453 adtollunt
806 2399 836 2452 et
849 2408 944 2466 super
956 2391 1113 2454 hominem

119 2478 283 2551 tefferunt,
300 2493 407 2552 parum
423 2479 542 2538 sincera
556 2485 645 2537 suntt
658 2477 791 2537 Maxima
802 2491 945 2551 quaeque
955 2477 1038 2538 boua
1052 2479 1114 2539 sot·

147 2563 228 2623 licita
251 2570 320 2623 sunt
345 2577 401 2621 nec
425 2561 478 2622 ulti
506 2563 645 2621 fortunae
664 2561 764 2620 minus
778 2558 857 2619 bene
872 2576 965 2635 quam
978 2561 1114 2637 optimae

148 2647 293 2706 creditur:
322 2645 380 2705 alia
403 2646 544 2705 felicitate
562 2647 601 2705 ad
621 2645 763 2705 tuendam
784 2643 955 2705 felicitatem
970 2662 1052 2720 opus
1067 2653 1115 2706 est

147 2737 177 2789 et
194 2746 249 2803 pro
264 2730 356 2804 ipsis,
382 2745 462 2805 quae
477 2744 671 2801 successere,
697 2728 776 2788 votis
790 2736 863 2787 vota
876 2727 1018 2790 iacienda
1031 2736 1113 2789 sunt

148 2829 236 2874 omne
253 2814 345 2885 enirn,
363 2814 446 2888 quod
463 2813 584 2873 tonuito
600 2811 736 2885 obvenit,
753 2810 892 2872 instabile
907 2817 963 2871 est.
994 2829 1054 2888 quo
1071 2814 1113 2872 al·

146 2898 206 2957 tius
232 2898 411 2967 surrexerit,
438 2896 639 2971 opportunius
664 2903 712 2956 est
730 2895 760 2955 in
776 2909 929 2955 occasum.
961 2896 1112 2957 nemiuem

147 2999 240 3057 porro
252 2997 362 3042 casura
373 2982 536 3041 delectant:
551 2980 748 3041 miserrimam
756 2993 830 3054 ergo
841 2994 970 3039 neccsse
981 2987 1038 3054 est
1051 2995 1114 3040 non

146 3073 261 3128 tantum
277 3065 487 3126 brevissimam
501 3064 591 3124 vitam
607 3080 711 3126 eorum
726 3078 807 3137 esse,
820 3063 870 3138 qui
882 3078 994 3138 magno
1004 3069 1114 3140 parant

147 3150 266 3225 labore,
289 3151 373 3227 quod
389 3150 503 3211 maiore
518 3149 710 3224 possideant:
737 3162 869 3222 operose
884 3146 1112 3222 adsequuntur,

119 3246 227 3309 tqrrae
241 3238 360 3304 volunt,
376 3234 456 3294 anxii
471 3239 586 3306 tenent,
610 3248 689 3308 quae
702 3231 841 3293 adsecuti
857 3236 937 3291 suut.
964 3231 1054 3292 Nulla
1069 3232 1114 3290 in·

147 3319 232 3378 terim
251 3334 415 3393 numquam
433 3319 563 3393 amplius
576 3315 700 3376 redituri
715 3314 860 3390 temporis
874 3316 952 3376 ratio
967 3323 1023 3375 est.
1058 3331 1113 3375 no·

147 3417 204 3461 uae
220 3403 438 3476 occupationes
452 3402 606 3463 veteribus
618 3401 853 3471 substituuntur,
867 3415 941 3474 spes
956 3414 1044 3474 spem
1059 3414 1112 3459 ex·

148 3484 227 3558 citat,
239 3484 433 3546 ambitionem
442 3486 573 3546 ambitio.
596 3485 783 3546 miseriarum
794 3500 854 3544 non
866 3481 936 3543 finis
950 3481 1112 3559 quaeritur.
