<?xml version="1.0" encoding="UTF-8"?>
<!DOCTYPE html PUBLIC "-//W3C//DTD XHTML 1.0 Transitional//EN"
    "http://www.w3.org/TR/xhtml1/DTD/xhtml1-transitional.dtd">
<html xmlns="http://www.w3.org/1999/xhtml" xml:lang="en" lang="en">
 <head>
  <title>
</title>
<meta http-equiv="Content-Type" content="text/html;charset=utf-8" />
  <meta name='ocr-system' content='tesseract 3.04.00' />
  <meta name='ocr-capabilities' content='ocr_page ocr_carea ocr_par ocr_line ocrx_word'/>
</head>
<body>
  <div class='ocr_page' id='page_1' title='image "./lannaeisenecaeo05senegoog_0110.png"; bbox 0 0 2454 3982; ppageno 0'>
   <div class='ocr_carea' id='block_1_1' title="bbox 280 239 1085 307">
    <p class='ocr_par' dir='ltr' id='par_1_1' title="bbox 280 239 1085 307">
     <span class='ocr_line' id='line_1_1' title="bbox 280 239 1085 307; baseline 0 -1"><span class='ocrx_word' id='word_1_1' title='bbox 280 246 382 307; x_wconf 89' lang='lat' dir='ltr'><strong>DlAL.</strong></span> <span class='ocrx_word' id='word_1_2' title='bbox 404 247 443 306; x_wconf 86' lang='lat' dir='ltr'><strong>V.</strong></span> <span class='ocrx_word' id='word_1_3' title='bbox 483 247 534 306; x_wconf 85' lang='lat' dir='ltr'><strong>DE</strong></span> <span class='ocrx_word' id='word_1_4' title='bbox 556 247 624 304; x_wconf 76' lang='lat' dir='ltr'><strong>IRA</strong></span> <span class='ocrx_word' id='word_1_5' title='bbox 644 246 716 306; x_wconf 92' lang='lat' dir='ltr'><strong>LIB.</strong></span> <span class='ocrx_word' id='word_1_6' title='bbox 740 245 788 303; x_wconf 87' lang='grc' dir='ltr'><strong>ΙΙΙ.</strong></span> <span class='ocrx_word' id='word_1_7' title='bbox 815 252 934 307; x_wconf 84' lang='grc'><strong>17-19.</strong></span> <span class='ocrx_word' id='word_1_8' title='bbox 1041 239 1085 306; x_wconf 79' lang='lat'><strong>95</strong></span> 
     </span>
    </p>
   </div>
   <div class='ocr_carea' id='block_1_2' title="bbox 109 393 1191 3576">
    <p class='ocr_par' dir='ltr' id='par_1_2' title="bbox 111 393 1133 1211">
     <span class='ocr_line' id='line_1_2' title="bbox 111 393 1082 471; baseline 0 -15"><span class='ocrx_word' id='word_1_9' title='bbox 111 404 234 458; x_wconf 85' lang='lat' dir='ltr'><strong>ratores</strong></span> <span class='ocrx_word' id='word_1_10' title='bbox 248 399 282 456; x_wconf 89' lang='lat' dir='ltr'><strong>et</strong></span> <span class='ocrx_word' id='word_1_11' title='bbox 294 395 415 471; x_wconf 81' lang='lat' dir='ltr'><strong>equites</strong></span> <span class='ocrx_word' id='word_1_12' title='bbox 427 395 585 458; x_wconf 89' lang='lat' dir='ltr'><strong>Romanos</strong></span> <span class='ocrx_word' id='word_1_13' title='bbox 599 411 661 455; x_wconf 93' lang='lat' dir='ltr'><strong>uno</strong></span> <span class='ocrx_word' id='word_1_14' title='bbox 677 395 726 453; x_wconf 90' lang='lat' dir='ltr'><strong>die</strong></span> <span class='ocrx_word' id='word_1_15' title='bbox 738 393 867 469; x_wconf 82' lang='lat' dir='ltr'><strong>flagellis</strong></span> <span class='ocrx_word' id='word_1_16' title='bbox 883 396 1000 470; x_wconf 80' lang='lat' dir='ltr'><strong>cecidit,</strong></span> <span class='ocrx_word' id='word_1_17' title='bbox 1021 403 1082 456; x_wconf 93' lang='lat' dir='ltr'><strong>tor-</strong></span> 
     </span>
     <span class='ocr_line' id='line_1_3' title="bbox 111 477 1116 556; baseline -0.002 -15"><span class='ocrx_word' id='word_1_18' title='bbox 111 482 152 554; x_wconf 86' lang='lat' dir='ltr'><strong>sit,</strong></span> <span class='ocrx_word' id='word_1_19' title='bbox 168 497 236 541; x_wconf 90' lang='lat' dir='ltr'><strong>non</strong></span> <span class='ocrx_word' id='word_1_20' title='bbox 259 479 457 556; x_wconf 82' lang='lat' dir='ltr'><strong>quaestionis,</strong></span> <span class='ocrx_word' id='word_1_21' title='bbox 473 479 529 539; x_wconf 91' lang='lat' dir='ltr'><strong>sed</strong></span> <span class='ocrx_word' id='word_1_22' title='bbox 540 477 631 538; x_wconf 91' lang='lat' dir='ltr'><strong>animi</strong></span> <span class='ocrx_word' id='word_1_23' title='bbox 642 494 747 539; x_wconf 84' lang='lat' dir='ltr'><strong>causa</strong></span> <span class='ocrx_word' id='word_1_24' title='bbox 775 478 887 540; x_wconf 90' lang='lat' dir='ltr'><strong>deinde</strong></span> <span class='ocrx_word' id='word_1_25' title='bbox 901 480 979 540; x_wconf 89' lang='lat' dir='ltr'><strong>adeo</strong></span> <span class='ocrx_word' id='word_1_26' title='bbox 996 479 1116 554; x_wconf 78' lang='lat' dir='ltr'><strong>iupa-t</strong></span> 
     </span>
     <span class='ocr_line' id='line_1_4' title="bbox 112 562 1083 638; baseline -0.002 -13"><span class='ocrx_word' id='word_1_27' title='bbox 112 566 183 625; x_wconf 87' lang='lat' dir='ltr'><strong>tiens</strong></span> <span class='ocrx_word' id='word_1_28' title='bbox 199 564 261 624; x_wconf 85' lang='lat' dir='ltr'><strong>luit</strong></span> <span class='ocrx_word' id='word_1_29' title='bbox 280 562 468 623; x_wconf 82' lang='lat' dir='ltr'><strong>differendae</strong></span> <span class='ocrx_word' id='word_1_30' title='bbox 483 562 657 636; x_wconf 86' lang='lat' dir='ltr'><strong>voluptatis,</strong></span> <span class='ocrx_word' id='word_1_31' title='bbox 679 577 767 638; x_wconf 87' lang='lat' dir='ltr'><strong>quarn</strong></span> <span class='ocrx_word' id='word_1_32' title='bbox 784 562 935 637; x_wconf 81' lang='lat' dir='ltr'><strong>ingentem</strong></span> <span class='ocrx_word' id='word_1_33' title='bbox 953 564 1083 625; x_wconf 87' lang='lat' dir='ltr'><strong>erudeli·</strong></span> 
     </span>
     <span class='ocr_line' id='line_1_5' title="bbox 113 644 1081 724; baseline -0.003 -14"><span class='ocrx_word' id='word_1_34' title='bbox 113 657 152 710; x_wconf 86' lang='lat' dir='ltr'><strong>tas</strong></span> <span class='ocrx_word' id='word_1_35' title='bbox 169 649 243 708; x_wconf 87' lang='lat' dir='ltr'><strong>eius</strong></span> <span class='ocrx_word' id='word_1_36' title='bbox 258 646 326 707; x_wconf 90' lang='lat' dir='ltr'><strong>sine</strong></span> <span class='ocrx_word' id='word_1_37' title='bbox 341 645 485 708; x_wconf 87' lang='lat' dir='ltr'><strong>dilatione</strong></span> <span class='ocrx_word' id='word_1_38' title='bbox 501 646 656 721; x_wconf 74' lang='lat' dir='ltr'><strong>poscebat,</strong></span> <span class='ocrx_word' id='word_1_39' title='bbox 678 653 710 706; x_wconf 91' lang='lat' dir='ltr'><strong>ut</strong></span> <span class='ocrx_word' id='word_1_40' title='bbox 723 644 753 706; x_wconf 95' lang='lat' dir='ltr'><strong>in</strong></span> <span class='ocrx_word' id='word_1_41' title='bbox 768 653 861 724; x_wconf 84' lang='lat' dir='ltr'><strong>xysto</strong></span> <span class='ocrx_word' id='word_1_42' title='bbox 878 654 1081 709; x_wconf 85' lang='lat' dir='ltr'><strong>maternorum</strong></span> 
     </span>
     <span class='ocr_line' id='line_1_6' title="bbox 112 730 1082 808; baseline 0 -17"><span class='ocrx_word' id='word_1_43' title='bbox 112 732 278 803; x_wconf 88' lang='lat' dir='ltr'><strong>hortorum,</strong></span> <span class='ocrx_word' id='word_1_44' title='bbox 296 731 347 806; x_wconf 92' lang='lat' dir='ltr'><strong>qui</strong></span> <span class='ocrx_word' id='word_1_45' title='bbox 363 731 512 805; x_wconf 86' lang='lat' dir='ltr'><strong>porticum</strong></span> <span class='ocrx_word' id='word_1_46' title='bbox 526 746 545 790; x_wconf 91' lang='lat' dir='ltr'><strong>a</strong></span> <span class='ocrx_word' id='word_1_47' title='bbox 557 731 625 805; x_wconf 91' lang='lat' dir='ltr'><strong>ripa</strong></span> <span class='ocrx_word' id='word_1_48' title='bbox 637 736 769 805; x_wconf 88' lang='lat' dir='ltr'><strong>separat,</strong></span> <span class='ocrx_word' id='word_1_49' title='bbox 782 730 973 791; x_wconf 83' lang='lat' dir='ltr'>inambulans</span> <span class='ocrx_word' id='word_1_50' title='bbox 988 747 1082 808; x_wconf 90' lang='lat' dir='ltr'><strong>quos-</strong></span> 
     </span>
     <span class='ocr_line' id='line_1_7' title="bbox 115 813 1081 889; baseline -0.002 -14"><span class='ocrx_word' id='word_1_51' title='bbox 115 816 177 875; x_wconf 88' lang='lat' dir='ltr'><strong>dam</strong></span> <span class='ocrx_word' id='word_1_52' title='bbox 194 831 236 876; x_wconf 85' lang='lat' dir='ltr'><strong>ex</strong></span> <span class='ocrx_word' id='word_1_53' title='bbox 252 813 313 875; x_wconf 94' lang='lat' dir='ltr'><strong>illis</strong></span> <span class='ocrx_word' id='word_1_54' title='bbox 329 830 396 874; x_wconf 85' lang='lat' dir='ltr'><strong>eum</strong></span> <span class='ocrx_word' id='word_1_55' title='bbox 411 815 557 875; x_wconf 90' lang='lat' dir='ltr'><strong>matronis</strong></span> <span class='ocrx_word' id='word_1_56' title='bbox 579 824 672 889; x_wconf 90' lang='lat' dir='ltr'><strong>atque</strong></span> <span class='ocrx_word' id='word_1_57' title='bbox 687 813 756 874; x_wconf 90' lang='lat' dir='ltr'><strong>aliis</strong></span> <span class='ocrx_word' id='word_1_58' title='bbox 769 814 962 875; x_wconf 87' lang='lat' dir='ltr'><strong>senatoribus</strong></span> <span class='ocrx_word' id='word_1_59' title='bbox 983 816 1023 875; x_wconf 91' lang='lat' dir='ltr'><strong>ad</strong></span> <span class='ocrx_word' id='word_1_60' title='bbox 1036 815 1081 874; x_wconf 91' lang='lat' dir='ltr'><strong>lu·</strong></span> 
     </span>
     <span class='ocr_line' id='line_1_8' title="bbox 114 897 1133 973; baseline -0.002 -14"><span class='ocrx_word' id='word_1_61' title='bbox 114 914 232 959; x_wconf 80' lang='lat' dir='ltr'><strong>cernam</strong></span> <span class='ocrx_word' id='word_1_62' title='bbox 250 899 427 960; x_wconf 81' lang='lat' dir='ltr'><strong>decollaret</strong></span> <span class='ocrx_word' id='word_1_63' title='bbox 470 897 547 971; x_wconf 78' lang='lat' dir='ltr'><strong>Quid</strong></span> <span class='ocrx_word' id='word_1_64' title='bbox 566 898 718 958; x_wconf 73' lang='lat' dir='ltr'><strong>instabat?</strong></span> <span class='ocrx_word' id='word_1_65' title='bbox 739 898 824 972; x_wconf 91' lang='lat' dir='ltr'><strong>quod</strong></span> <span class='ocrx_word' id='word_1_66' title='bbox 844 897 1011 973; x_wconf 88' lang='lat' dir='ltr'><strong>perieulum</strong></span> <span class='ocrx_word' id='word_1_67' title='bbox 1031 906 1083 958; x_wconf 90' lang='lat' dir='ltr'><strong>aut</strong></span> <span class='ocrx_word' id='word_1_68' title='bbox 1131 935 1133 939; x_wconf 93' lang='lat'>-</span> 
     </span>
     <span class='ocr_line' id='line_1_9' title="bbox 114 982 1082 1057; baseline -0.001 -15"><span class='ocrx_word' id='word_1_69' title='bbox 114 984 261 1057; x_wconf 82' lang='lat' dir='ltr'><strong>privatum</strong></span> <span class='ocrx_word' id='word_1_70' title='bbox 283 989 335 1042; x_wconf 86' lang='lat' dir='ltr'><strong>aut</strong></span> <span class='ocrx_word' id='word_1_71' title='bbox 354 983 511 1057; x_wconf 82' lang='lat' dir='ltr'><strong>publicum</strong></span> <span class='ocrx_word' id='word_1_72' title='bbox 529 998 590 1042; x_wconf 87' lang='lat' dir='ltr'><strong>una</strong></span> <span class='ocrx_word' id='word_1_73' title='bbox 610 999 671 1042; x_wconf 88' lang='lat' dir='ltr'><strong>nox</strong></span> <span class='ocrx_word' id='word_1_74' title='bbox 692 982 883 1042; x_wconf 72' lang='lat' dir='ltr'><strong>minabatur?</strong></span> <span class='ocrx_word' id='word_1_75' title='bbox 903 984 1082 1057; x_wconf 91' lang='lat' dir='ltr'><strong>quantulum</strong></span> 
     </span>
     <span class='ocr_line' id='line_1_10' title="bbox 113 1066 1081 1142; baseline 0.003 -18"><span class='ocrx_word' id='word_1_76' title='bbox 113 1067 277 1128; x_wconf 81' lang='lat' dir='ltr'><strong>lnitlueem</strong></span> <span class='ocrx_word' id='word_1_77' title='bbox 299 1074 481 1141; x_wconf 84' lang='lat' dir='ltr'><strong>exspectare</strong></span> <span class='ocrx_word' id='word_1_78' title='bbox 502 1066 643 1141; x_wconf 88' lang='lat' dir='ltr'><strong>denique,</strong></span> <span class='ocrx_word' id='word_1_79' title='bbox 662 1083 701 1126; x_wconf 91' lang='lat' dir='ltr'><strong>ne</strong></span> <span class='ocrx_word' id='word_1_80' title='bbox 723 1075 881 1128; x_wconf 80' lang='lat' dir='ltr'><strong>senatores</strong></span> <span class='ocrx_word' id='word_1_81' title='bbox 897 1068 1003 1142; x_wconf 91' lang='lat' dir='ltr'><strong>populi</strong></span> <span class='ocrx_word' id='word_1_82' title='bbox 1021 1067 1081 1128; x_wconf 90' lang='lat' dir='ltr'><strong>Ro-</strong></span> 
     </span>
     <span class='ocr_line' id='line_1_11' title="bbox 112 1149 531 1211; baseline -0.005 -1"><span class='ocrx_word' id='word_1_83' title='bbox 112 1151 188 1211; x_wconf 88' lang='lat' dir='ltr'><strong>mani</strong></span> <span class='ocrx_word' id='word_1_84' title='bbox 204 1151 342 1211; x_wconf 81' lang='lat' dir='ltr'><strong>soleatus</strong></span> <span class='ocrx_word' id='word_1_85' title='bbox 359 1149 531 1210; x_wconf 70' lang='lat' dir='ltr'><strong>occideret?</strong></span> 
     </span>
    </p>

    <p class='ocr_par' dir='ltr' id='par_1_3' title="bbox 109 1233 1191 3576">
     <span class='ocr_line' id='line_1_12' title="bbox 166 1233 1108 1311; baseline 0.006 -17"><span class='ocrx_word' id='word_1_86' title='bbox 166 1235 246 1294; x_wconf 86' lang='lat' dir='ltr'><strong>XIX.</strong></span> <span class='ocrx_word' id='word_1_87' title='bbox 270 1233 365 1307; x_wconf 78' lang='lat' dir='ltr'><strong>Quam</strong></span> <span class='ocrx_word' id='word_1_88' title='bbox 378 1234 512 1309; x_wconf 89' lang='lat' dir='ltr'><strong>superba</strong></span> <span class='ocrx_word' id='word_1_89' title='bbox 523 1233 611 1294; x_wconf 87' lang='lat' dir='ltr'><strong>luerit</strong></span> <span class='ocrx_word' id='word_1_90' title='bbox 622 1234 785 1295; x_wconf 83' lang='lat' dir='ltr'><strong>erudelitas</strong></span> <span class='ocrx_word' id='word_1_91' title='bbox 803 1236 921 1295; x_wconf 91' lang='lat' dir='ltr'><strong>eiusad</strong></span> <span class='ocrx_word' id='word_1_92' title='bbox 935 1252 998 1296; x_wconf 92' lang='lat' dir='ltr'><strong>rem</strong></span> <span class='ocrx_word' id='word_1_93' title='bbox 1014 1251 1081 1311; x_wconf 91' lang='lat' dir='ltr'><strong>per·</strong></span> <span class='ocrx_word' id='word_1_94' title='bbox 1097 1249 1108 1300; x_wconf 88' lang='lat' dir='ltr'><strong>l</strong></span> 
     </span>
     <span class='ocr_line' id='line_1_13' title="bbox 113 1317 1082 1393; baseline -0.001 -15"><span class='ocrx_word' id='word_1_95' title='bbox 113 1318 183 1378; x_wconf 90' lang='lat' dir='ltr'><strong>tinet</strong></span> <span class='ocrx_word' id='word_1_96' title='bbox 198 1319 289 1391; x_wconf 87' lang='lat' dir='ltr'><strong>seire,</strong></span> <span class='ocrx_word' id='word_1_97' title='bbox 307 1333 490 1393; x_wconf 86' lang='lat' dir='ltr'><strong>quamquam</strong></span> <span class='ocrx_word' id='word_1_98' title='bbox 505 1318 647 1378; x_wconf 89' lang='lat' dir='ltr'><strong>aberrare</strong></span> <span class='ocrx_word' id='word_1_99' title='bbox 666 1317 755 1378; x_wconf 85' lang='lat' dir='ltr'><strong>alicui</strong></span> <span class='ocrx_word' id='word_1_100' title='bbox 773 1319 926 1393; x_wconf 90' lang='lat' dir='ltr'><strong>possimus</strong></span> <span class='ocrx_word' id='word_1_101' title='bbox 941 1320 1038 1380; x_wconf 88' lang='lat' dir='ltr'><strong>videri</strong></span> <span class='ocrx_word' id='word_1_102' title='bbox 1053 1326 1082 1378; x_wconf 91' lang='lat' dir='ltr'><strong>et</strong></span> 
     </span>
     <span class='ocr_line' id='line_1_14' title="bbox 112 1401 1081 1478; baseline 0.003 -19"><span class='ocrx_word' id='word_1_103' title='bbox 112 1403 279 1462; x_wconf 76' lang='lat' dir='ltr'><strong>indevium</strong></span> <span class='ocrx_word' id='word_1_104' title='bbox 294 1401 393 1461; x_wconf 82' lang='lat' dir='ltr'><strong>exire=</strong></span> <span class='ocrx_word' id='word_1_105' title='bbox 416 1403 473 1462; x_wconf 91' lang='lat' dir='ltr'><strong>sed</strong></span> <span class='ocrx_word' id='word_1_106' title='bbox 492 1402 552 1462; x_wconf 86' lang='lat' dir='ltr'><strong>hoo</strong></span> <span class='ocrx_word' id='word_1_107' title='bbox 564 1402 666 1477; x_wconf 92' lang='lat' dir='ltr'><strong>ipsum</strong></span> <span class='ocrx_word' id='word_1_108' title='bbox 681 1418 753 1477; x_wconf 90' lang='lat' dir='ltr'><strong>pars</strong></span> <span class='ocrx_word' id='word_1_109' title='bbox 768 1404 824 1462; x_wconf 89' lang='lat' dir='ltr'><strong>erit</strong></span> <span class='ocrx_word' id='word_1_110' title='bbox 845 1403 909 1462; x_wconf 88' lang='lat' dir='ltr'><strong>irae</strong></span> <span class='ocrx_word' id='word_1_111' title='bbox 922 1419 1015 1478; x_wconf 91' lang='lat' dir='ltr'><strong>super</strong></span> <span class='ocrx_word' id='word_1_112' title='bbox 1031 1419 1081 1463; x_wconf 92' lang='lat' dir='ltr'><strong>so·</strong></span> 
     </span>
     <span class='ocr_line' id='line_1_15' title="bbox 111 1483 1080 1561; baseline -0.001 -16"><span class='ocrx_word' id='word_1_113' title='bbox 111 1487 160 1547; x_wconf 90' lang='lat' dir='ltr'><strong>lita</strong></span> <span class='ocrx_word' id='word_1_114' title='bbox 176 1484 354 1547; x_wconf 87' lang='lat' dir='ltr'><strong>saevientis.</strong></span> <span class='ocrx_word' id='word_1_115' title='bbox 383 1483 540 1548; x_wconf 80' lang='lat' dir='ltr'><strong>Ceciderat</strong></span> <span class='ocrx_word' id='word_1_116' title='bbox 553 1485 683 1560; x_wconf 82' lang='lat' dir='ltr'><strong>flagellis</strong></span> <span class='ocrx_word' id='word_1_117' title='bbox 697 1494 873 1547; x_wconf 69' lang='lat' dir='ltr'><strong>senatorem</strong></span> <span class='ocrx_word' id='word_1_118' title='bbox 888 1484 956 1561; x_wconf 89' lang='lat' dir='ltr'><strong>ipse</strong></span> <span class='ocrx_word' id='word_1_119' title='bbox 970 1486 1080 1559; x_wconf 80' lang='lat' dir='ltr'><strong>effecit,</strong></span> 
     </span>
     <span class='ocr_line' id='line_1_16' title="bbox 109 1569 1080 1645; baseline 0.001 -16"><span class='ocrx_word' id='word_1_120' title='bbox 109 1576 142 1631; x_wconf 94' lang='lat' dir='ltr'><strong>ut</strong></span> <span class='ocrx_word' id='word_1_121' title='bbox 154 1570 216 1630; x_wconf 87' lang='lat' dir='ltr'><strong>diei</strong></span> <span class='ocrx_word' id='word_1_122' title='bbox 230 1569 345 1645; x_wconf 79' lang='lat' dir='ltr'><strong>possit:</strong></span> <span class='ocrx_word' id='word_1_123' title='bbox 367 1571 446 1630; x_wconf 88' lang='lat' dir='ltr'><strong>solet</strong></span> <span class='ocrx_word' id='word_1_124' title='bbox 461 1569 535 1629; x_wconf 89' lang='lat' dir='ltr'><strong>fieri.</strong></span> <span class='ocrx_word' id='word_1_125' title='bbox 563 1576 695 1630; x_wconf 91' lang='lat' dir='ltr'><strong>torserat</strong></span> <span class='ocrx_word' id='word_1_126' title='bbox 708 1586 763 1644; x_wconf 90' lang='lat' dir='ltr'><strong>per</strong></span> <span class='ocrx_word' id='word_1_127' title='bbox 778 1571 879 1630; x_wconf 90' lang='lat' dir='ltr'><strong>omnia</strong></span> <span class='ocrx_word' id='word_1_128' title='bbox 895 1570 1019 1644; x_wconf 89' lang='lat' dir='ltr'><strong>quaein</strong></span> <span class='ocrx_word' id='word_1_129' title='bbox 1033 1586 1080 1630; x_wconf 91' lang='lat' dir='ltr'><strong>re·</strong></span> 
     </span>
     <span class='ocr_line' id='line_1_17' title="bbox 109 1653 1080 1728; baseline 0.004 -16"><span class='ocrx_word' id='word_1_130' title='bbox 109 1671 174 1712; x_wconf 91' lang='lat' dir='ltr'><strong>rum</strong></span> <span class='ocrx_word' id='word_1_131' title='bbox 195 1660 305 1714; x_wconf 89' lang='lat' dir='ltr'><strong>natura</strong></span> <span class='ocrx_word' id='word_1_132' title='bbox 324 1653 498 1714; x_wconf 89' lang='lat' dir='ltr'><strong>tristissima</strong></span> <span class='ocrx_word' id='word_1_133' title='bbox 521 1661 600 1727; x_wconf 93' lang='lat' dir='ltr'><strong>sunt,</strong></span> <span class='ocrx_word' id='word_1_134' title='bbox 625 1654 765 1727; x_wconf 83' lang='lat' dir='ltr'><strong>fidiculis,</strong></span> <span class='ocrx_word' id='word_1_135' title='bbox 786 1654 940 1728; x_wconf 91' lang='lat' dir='ltr'><strong>talaribus,</strong></span> <span class='ocrx_word' id='word_1_136' title='bbox 963 1656 1080 1727; x_wconf 84' lang='lat' dir='ltr'><strong>eculeo,</strong></span> 
     </span>
     <span class='ocr_line' id='line_1_18' title="bbox 109 1737 1113 1814; baseline 0 -18"><span class='ocrx_word' id='word_1_137' title='bbox 109 1739 187 1812; x_wconf 80' lang='lat' dir='ltr'><strong>igue,</strong></span> <span class='ocrx_word' id='word_1_138' title='bbox 203 1739 288 1798; x_wconf 83' lang='lat' dir='ltr'><strong>voltu</strong></span> <span class='ocrx_word' id='word_1_139' title='bbox 299 1753 366 1798; x_wconf 90' lang='lat' dir='ltr'><strong>suo.</strong></span> <span class='ocrx_word' id='word_1_140' title='bbox 391 1738 428 1797; x_wconf 86' lang='lat' dir='ltr'><strong>Et</strong></span> <span class='ocrx_word' id='word_1_141' title='bbox 438 1737 497 1798; x_wconf 85' lang='lat' dir='ltr'><strong>hoe</strong></span> <span class='ocrx_word' id='word_1_142' title='bbox 509 1740 578 1799; x_wconf 86' lang='lat' dir='ltr'><strong>loco</strong></span> <span class='ocrx_word' id='word_1_143' title='bbox 590 1738 837 1813; x_wconf 79' lang='lat' dir='ltr'><strong>respondebitur:</strong></span> <span class='ocrx_word' id='word_1_144' title='bbox 853 1744 1113 1814; x_wconf 74' lang='lat' dir='ltr'><strong>magnamremtu</strong></span> 
     </span>
     <span class='ocr_line' id='line_1_19' title="bbox 110 1821 1081 1898; baseline 0.004 -18"><span class='ocrx_word' id='word_1_145' title='bbox 110 1823 135 1880; x_wconf 88' lang='lat' dir='ltr'><strong>si</strong></span> <span class='ocrx_word' id='word_1_146' title='bbox 148 1829 213 1881; x_wconf 89' lang='lat' dir='ltr'><strong>tres</strong></span> <span class='ocrx_word' id='word_1_147' title='bbox 228 1829 388 1883; x_wconf 87' lang='lat' dir='ltr'><strong>senatores</strong></span> <span class='ocrx_word' id='word_1_148' title='bbox 406 1821 494 1897; x_wconf 90' lang='lat' dir='ltr'><strong>quasi</strong></span> <span class='ocrx_word' id='word_1_149' title='bbox 507 1837 639 1895; x_wconf 87' lang='lat' dir='ltr'><strong>nequam</strong></span> <span class='ocrx_word' id='word_1_150' title='bbox 653 1822 805 1898; x_wconf 84' lang='lat' dir='ltr'><strong>mancipia</strong></span> <span class='ocrx_word' id='word_1_151' title='bbox 819 1824 895 1885; x_wconf 93' lang='lat' dir='ltr'><strong>inter</strong></span> <span class='ocrx_word' id='word_1_152' title='bbox 910 1823 1037 1883; x_wconf 86' lang='lat' dir='ltr'><strong>verbera</strong></span> <span class='ocrx_word' id='word_1_153' title='bbox 1051 1832 1081 1885; x_wconf 89' lang='lat' dir='ltr'><strong>et</strong></span> 
     </span>
     <span class='ocr_line' id='line_1_20' title="bbox 110 1904 1079 1981; baseline 0.003 -17"><span class='ocrx_word' id='word_1_154' title='bbox 110 1904 250 1966; x_wconf 86' lang='lat' dir='ltr'><strong>flammas</strong></span> <span class='ocrx_word' id='word_1_155' title='bbox 266 1906 372 1966; x_wconf 91' lang='lat' dir='ltr'><strong>divisit</strong></span> <span class='ocrx_word' id='word_1_156' title='bbox 385 1905 486 1978; x_wconf 88' lang='lat' dir='ltr'><strong>homo,</strong></span> <span class='ocrx_word' id='word_1_157' title='bbox 510 1907 559 1981; x_wconf 92' lang='lat' dir='ltr'><strong>qui</strong></span> <span class='ocrx_word' id='word_1_158' title='bbox 576 1907 614 1966; x_wconf 92' lang='lat' dir='ltr'><strong>de</strong></span> <span class='ocrx_word' id='word_1_159' title='bbox 627 1914 690 1968; x_wconf 93' lang='lat' dir='ltr'><strong>toto</strong></span> <span class='ocrx_word' id='word_1_160' title='bbox 709 1913 817 1967; x_wconf 87' lang='lat' dir='ltr'><strong>senatu</strong></span> <span class='ocrx_word' id='word_1_161' title='bbox 831 1908 1010 1968; x_wconf 84' lang='lat' dir='ltr'><strong>trucidando</strong></span> <span class='ocrx_word' id='word_1_162' title='bbox 1029 1923 1079 1967; x_wconf 86' lang='lat' dir='ltr'><strong>oo-</strong></span> 
     </span>
     <span class='ocr_line' id='line_1_21' title="bbox 109 1989 1080 2065; baseline 0.005 -17"><span class='ocrx_word' id='word_1_163' title='bbox 109 1989 230 2062; x_wconf 80' lang='lat' dir='ltr'><strong>gitabat,</strong></span> <span class='ocrx_word' id='word_1_164' title='bbox 248 1991 300 2065; x_wconf 91' lang='lat' dir='ltr'><strong>qui</strong></span> <span class='ocrx_word' id='word_1_165' title='bbox 315 1990 495 2065; x_wconf 76' lang='lat' dir='ltr'><strong>optabatur</strong></span> <span class='ocrx_word' id='word_1_166' title='bbox 509 1992 642 2065; x_wconf 91' lang='lat' dir='ltr'><strong>populus</strong></span> <span class='ocrx_word' id='word_1_167' title='bbox 653 1992 809 2052; x_wconf 88' lang='lat' dir='ltr'><strong>Romanus</strong></span> <span class='ocrx_word' id='word_1_168' title='bbox 824 2008 915 2052; x_wconf 91' lang='lat' dir='ltr'><strong>unam</strong></span> <span class='ocrx_word' id='word_1_169' title='bbox 930 1993 1080 2052; x_wconf 77' lang='lat' dir='ltr'><strong>cervicem</strong></span> 
     </span>
     <span class='ocr_line' id='line_1_22' title="bbox 109 2072 1080 2150; baseline 0.003 -18"><span class='ocrx_word' id='word_1_170' title='bbox 109 2072 242 2148; x_wconf 78' lang='lat' dir='ltr'><strong>baberet,</strong></span> <span class='ocrx_word' id='word_1_171' title='bbox 258 2080 291 2133; x_wconf 92' lang='lat' dir='ltr'><strong>ut</strong></span> <span class='ocrx_word' id='word_1_172' title='bbox 304 2076 423 2134; x_wconf 88' lang='lat' dir='ltr'><strong>scelera</strong></span> <span class='ocrx_word' id='word_1_173' title='bbox 438 2090 494 2134; x_wconf 91' lang='lat' dir='ltr'><strong>sua</strong></span> <span class='ocrx_word' id='word_1_174' title='bbox 508 2082 552 2135; x_wconf 92' lang='lat' dir='ltr'><strong>tot</strong></span> <span class='ocrx_word' id='word_1_175' title='bbox 566 2075 641 2134; x_wconf 88' lang='lat' dir='ltr'><strong>loeis</strong></span> <span class='ocrx_word' id='word_1_176' title='bbox 657 2091 693 2134; x_wconf 88' lang='lat' dir='ltr'><strong>ae</strong></span> <span class='ocrx_word' id='word_1_177' title='bbox 708 2077 895 2150; x_wconf 86' lang='lat' dir='ltr'><strong>temporibus</strong></span> <span class='ocrx_word' id='word_1_178' title='bbox 910 2076 1034 2136; x_wconf 86' lang='lat' dir='ltr'><strong>diducta</strong></span> <span class='ocrx_word' id='word_1_179' title='bbox 1049 2077 1080 2135; x_wconf 91' lang='lat' dir='ltr'><strong>ln</strong></span> 
     </span>
     <span class='ocr_line' id='line_1_23' title="bbox 111 2157 1079 2235; baseline 0.003 -20"><span class='ocrx_word' id='word_1_180' title='bbox 111 2173 201 2217; x_wconf 90' lang='lat' dir='ltr'><strong>unum</strong></span> <span class='ocrx_word' id='word_1_181' title='bbox 216 2157 309 2218; x_wconf 84' lang='lat' dir='ltr'><strong>ictum</strong></span> <span class='ocrx_word' id='word_1_182' title='bbox 329 2167 360 2219; x_wconf 91' lang='lat' dir='ltr'><strong>et</strong></span> <span class='ocrx_word' id='word_1_183' title='bbox 373 2173 465 2218; x_wconf 92' lang='lat' dir='ltr'><strong>unum</strong></span> <span class='ocrx_word' id='word_1_184' title='bbox 481 2157 560 2217; x_wconf 92' lang='lat' dir='ltr'><strong>diem</strong></span> <span class='ocrx_word' id='word_1_185' title='bbox 576 2166 709 2233; x_wconf 81' lang='lat' dir='ltr'><strong>cogeret.</strong></span> <span class='ocrx_word' id='word_1_186' title='bbox 741 2161 814 2235; x_wconf 94' lang='lat' dir='ltr'><strong>quid</strong></span> <span class='ocrx_word' id='word_1_187' title='bbox 834 2167 894 2220; x_wconf 90' lang='lat' dir='ltr'><strong>tam</strong></span> <span class='ocrx_word' id='word_1_188' title='bbox 912 2160 1079 2220; x_wconf 87' lang='lat' dir='ltr'><strong>inauditum</strong></span> 
     </span>
     <span class='ocr_line' id='line_1_24' title="bbox 111 2242 1078 2316; baseline 0.001 -14"><span class='ocrx_word' id='word_1_189' title='bbox 111 2257 201 2314; x_wconf 89' lang='lat' dir='ltr'><strong>quam</strong></span> <span class='ocrx_word' id='word_1_190' title='bbox 212 2249 395 2303; x_wconf 80' lang='lat' dir='ltr'><strong>nocturnum</strong></span> <span class='ocrx_word' id='word_1_191' title='bbox 407 2242 611 2316; x_wconf 79' lang='lat' dir='ltr'><strong>suppliciunt</strong></span> <span class='ocrx_word' id='word_1_192' title='bbox 626 2259 693 2303; x_wconf 89' lang='lat' dir='ltr'><strong>oum</strong></span> <span class='ocrx_word' id='word_1_193' title='bbox 703 2244 861 2304; x_wconf 90' lang='lat' dir='ltr'><strong>latrocinia</strong></span> <span class='ocrx_word' id='word_1_194' title='bbox 868 2244 1000 2305; x_wconf 90' lang='lat' dir='ltr'><strong>tenebris</strong></span> <span class='ocrx_word' id='word_1_195' title='bbox 1008 2244 1078 2304; x_wconf 90' lang='lat' dir='ltr'><strong>abs-</strong></span> 
     </span>
     <span class='ocr_line' id='line_1_25' title="bbox 111 2326 1139 2403; baseline 0.002 -19"><span class='ocrx_word' id='word_1_196' title='bbox 111 2326 198 2386; x_wconf 83' lang='lat' dir='ltr'><strong>condi</strong></span> <span class='ocrx_word' id='word_1_197' title='bbox 214 2326 343 2397; x_wconf 83' lang='lat' dir='ltr'><strong>soleant,</strong></span> <span class='ocrx_word' id='word_1_198' title='bbox 366 2327 655 2400; x_wconf 87' lang='lat' dir='ltr'><strong>animadversiones,</strong></span> <span class='ocrx_word' id='word_1_199' title='bbox 678 2343 739 2403; x_wconf 90' lang='lat' dir='ltr'><strong>quo</strong></span> <span class='ocrx_word' id='word_1_200' title='bbox 755 2328 889 2388; x_wconf 85' lang='lat' dir='ltr'><strong>notiores</strong></span> <span class='ocrx_word' id='word_1_201' title='bbox 908 2334 986 2399; x_wconf 90' lang='lat' dir='ltr'><strong>sunt,</strong></span> <span class='ocrx_word' id='word_1_202' title='bbox 1009 2328 1078 2400; x_wconf 88' lang='lat' dir='ltr'><strong>plus</strong></span> <span class='ocrx_word' id='word_1_203' title='bbox 1137 2341 1139 2343; x_wconf 88' lang='grc'><em>·</em></span> 
     </span>
     <span class='ocr_line' id='line_1_26' title="bbox 110 2408 1110 2486; baseline 0.001 -19"><span class='ocrx_word' id='word_1_204' title='bbox 110 2409 328 2485; x_wconf 86' lang='lat' dir='ltr'><strong>inexemplum</strong></span> <span class='ocrx_word' id='word_1_205' title='bbox 342 2408 644 2486; x_wconf 88' lang='lat' dir='ltr'><strong>emendationemque</strong></span> <span class='ocrx_word' id='word_1_206' title='bbox 664 2411 834 2485; x_wconf 80' lang='lat' dir='ltr'><strong>proficiant.</strong></span> <span class='ocrx_word' id='word_1_207' title='bbox 876 2411 914 2470; x_wconf 83' lang='lat' dir='ltr'><strong>Et</strong></span> <span class='ocrx_word' id='word_1_208' title='bbox 933 2410 992 2471; x_wconf 85' lang='lat' dir='ltr'><strong>hoe</strong></span> <span class='ocrx_word' id='word_1_209' title='bbox 1009 2411 1110 2470; x_wconf 73' lang='lat' dir='ltr'><strong>locos</strong></span> 
     </span>
     <span class='ocr_line' id='line_1_27' title="bbox 111 2493 1078 2569; baseline 0 -17"><span class='ocrx_word' id='word_1_210' title='bbox 111 2494 345 2568; x_wconf 84' lang='lat' dir='ltr'><strong>respondebitur</strong></span> <span class='ocrx_word' id='word_1_211' title='bbox 358 2494 448 2554; x_wconf 69' lang='lat' dir='ltr'><strong>muniz</strong></span> <span class='ocrx_word' id='word_1_212' title='bbox 469 2496 553 2568; x_wconf 92' lang='lat' dir='ltr'><strong>quod</strong></span> <span class='ocrx_word' id='word_1_213' title='bbox 569 2501 653 2555; x_wconf 88' lang='lat' dir='ltr'><strong>tanto</strong></span> <span class='ocrx_word' id='word_1_214' title='bbox 670 2510 764 2569; x_wconf 89' lang='lat' dir='ltr'><strong>opere</strong></span> <span class='ocrx_word' id='word_1_215' title='bbox 778 2496 946 2566; x_wconf 90' lang='lat' dir='ltr'><strong>admiraris,</strong></span> <span class='ocrx_word' id='word_1_216' title='bbox 962 2495 1011 2554; x_wconf 90' lang='lat' dir='ltr'><strong>isti</strong></span> <span class='ocrx_word' id='word_1_217' title='bbox 1026 2493 1078 2553; x_wconf 89' lang='lat' dir='ltr'><strong>be-</strong></span> 
     </span>
     <span class='ocr_line' id='line_1_28' title="bbox 112 2576 1080 2652; baseline 0.003 -18"><span class='ocrx_word' id='word_1_218' title='bbox 112 2577 176 2636; x_wconf 89' lang='lat' dir='ltr'><strong>lnae</strong></span> <span class='ocrx_word' id='word_1_219' title='bbox 191 2577 378 2638; x_wconf 78' lang='lat' dir='ltr'><strong>cotidianum</strong></span> <span class='ocrx_word' id='word_1_220' title='bbox 392 2583 449 2638; x_wconf 89' lang='lat' dir='ltr'><strong>est.</strong></span> <span class='ocrx_word' id='word_1_221' title='bbox 476 2578 587 2638; x_wconf 85' lang='lat' dir='ltr'><strong>adhoc</strong></span> <span class='ocrx_word' id='word_1_222' title='bbox 598 2578 680 2652; x_wconf 90' lang='lat' dir='ltr'><strong>vivit,</strong></span> <span class='ocrx_word' id='word_1_223' title='bbox 695 2579 734 2638; x_wconf 91' lang='lat' dir='ltr'><strong>ad</strong></span> <span class='ocrx_word' id='word_1_224' title='bbox 749 2578 808 2639; x_wconf 84' lang='lat' dir='ltr'><strong>hoe</strong></span> <span class='ocrx_word' id='word_1_225' title='bbox 825 2578 939 2652; x_wconf 76' lang='lat' dir='ltr'><strong>vigilat,</strong></span> <span class='ocrx_word' id='word_1_226' title='bbox 960 2578 1001 2638; x_wconf 91' lang='lat' dir='ltr'><strong>ad</strong></span> <span class='ocrx_word' id='word_1_227' title='bbox 1019 2576 1080 2637; x_wconf 90' lang='lat' dir='ltr'><strong>hoe</strong></span> 
     </span>
     <span class='ocr_line' id='line_1_29' title="bbox 112 2659 1079 2736; baseline 0.004 -20"><span class='ocrx_word' id='word_1_228' title='bbox 112 2659 256 2722; x_wconf 78' lang='lat' dir='ltr'><strong>lucubrat.</strong></span> <span class='ocrx_word' id='word_1_229' title='bbox 277 2662 461 2722; x_wconf 88' lang='lat' dir='ltr'><strong>Nemoeerte</strong></span> <span class='ocrx_word' id='word_1_230' title='bbox 475 2662 644 2723; x_wconf 90' lang='lat' dir='ltr'><strong>invenietur</strong></span> <span class='ocrx_word' id='word_1_231' title='bbox 655 2663 743 2736; x_wconf 77' lang='lat' dir='ltr'><strong>atine,</strong></span> <span class='ocrx_word' id='word_1_232' title='bbox 756 2662 807 2736; x_wconf 88' lang='lat' dir='ltr'><strong>qui</strong></span> <span class='ocrx_word' id='word_1_233' title='bbox 816 2660 1008 2736; x_wconf 89' lang='lat' dir='ltr'><strong>imperaverit</strong></span> <span class='ocrx_word' id='word_1_234' title='bbox 1015 2677 1079 2722; x_wconf 94' lang='lat' dir='ltr'><strong>om-</strong></span> 
     </span>
     <span class='ocr_line' id='line_1_30' title="bbox 114 2743 1150 2822; baseline 0.007 -23"><span class='ocrx_word' id='word_1_235' title='bbox 114 2743 197 2805; x_wconf 90' lang='lat' dir='ltr'><strong>nibus</strong></span> <span class='ocrx_word' id='word_1_236' title='bbox 212 2745 260 2819; x_wconf 87' lang='lat' dir='ltr'><strong>iis,</strong></span> <span class='ocrx_word' id='word_1_237' title='bbox 275 2746 305 2806; x_wconf 91' lang='lat' dir='ltr'><strong>in</strong></span> <span class='ocrx_word' id='word_1_238' title='bbox 322 2761 401 2819; x_wconf 88' lang='lat' dir='ltr'><strong>quos</strong></span> <span class='ocrx_word' id='word_1_239' title='bbox 413 2745 610 2806; x_wconf 85' lang='lat' dir='ltr'><strong>animadverti</strong></span> <span class='ocrx_word' id='word_1_240' title='bbox 624 2746 754 2819; x_wconf 75' lang='lat' dir='ltr'><strong>iubebat,</strong></span> <span class='ocrx_word' id='word_1_241' title='bbox 770 2762 805 2807; x_wconf 91' lang='lat' dir='ltr'><strong>os</strong></span> <span class='ocrx_word' id='word_1_242' title='bbox 820 2747 933 2806; x_wconf 88' lang='lat' dir='ltr'><strong>inserta</strong></span> <span class='ocrx_word' id='word_1_243' title='bbox 948 2746 1079 2822; x_wconf 80' lang='lat' dir='ltr'><strong>spongia</strong></span> <span class='ocrx_word' id='word_1_244' title='bbox 1148 2744 1150 2749; x_wconf 80' lang='grc'><strong>’</strong></span> 
     </span>
     <span class='ocr_line' id='line_1_31' title="bbox 112 2825 1078 2904; baseline 0.007 -21"><span class='ocrx_word' id='word_1_245' title='bbox 112 2825 229 2904; x_wconf 87' lang='lat' dir='ltr'><strong>includi,</strong></span> <span class='ocrx_word' id='word_1_246' title='bbox 245 2829 382 2890; x_wconf 90' lang='lat' dir='ltr'><strong>nevoois</strong></span> <span class='ocrx_word' id='word_1_247' title='bbox 393 2830 572 2889; x_wconf 91' lang='lat' dir='ltr'><strong>emittendae</strong></span> <span class='ocrx_word' id='word_1_248' title='bbox 587 2829 733 2890; x_wconf 89' lang='lat' dir='ltr'><strong>haberent</strong></span> <span class='ocrx_word' id='word_1_249' title='bbox 744 2831 924 2890; x_wconf 77' lang='lat' dir='ltr'><strong>facultatem.</strong></span> <span class='ocrx_word' id='word_1_250' title='bbox 948 2829 995 2890; x_wconf 87' lang='lat' dir='ltr'><strong>cui</strong></span> <span class='ocrx_word' id='word_1_251' title='bbox 1015 2847 1078 2890; x_wconf 93' lang='lat' dir='ltr'><strong>um·</strong></span> 
     </span>
     <span class='ocr_line' id='line_1_32' title="bbox 115 2912 1079 2988; baseline 0.001 -17"><span class='ocrx_word' id='word_1_252' title='bbox 115 2927 200 2983; x_wconf 88' lang='lat' dir='ltr'><strong>quam</strong></span> <span class='ocrx_word' id='word_1_253' title='bbox 214 2912 361 2973; x_wconf 93' lang='lat' dir='ltr'><strong>morituro</strong></span> <span class='ocrx_word' id='word_1_254' title='bbox 381 2929 442 2973; x_wconf 92' lang='lat' dir='ltr'><strong>non</strong></span> <span class='ocrx_word' id='word_1_255' title='bbox 457 2921 505 2972; x_wconf 91' lang='lat' dir='ltr'><strong>est</strong></span> <span class='ocrx_word' id='word_1_256' title='bbox 516 2915 652 2974; x_wconf 91' lang='lat' dir='ltr'><strong>relietum</strong></span> <span class='ocrx_word' id='word_1_257' title='bbox 671 2931 732 2988; x_wconf 88' lang='lat' dir='ltr'><strong>qua</strong></span> <span class='ocrx_word' id='word_1_258' title='bbox 745 2920 900 2988; x_wconf 72' lang='lat' dir='ltr'><strong>gemeret?</strong></span> <span class='ocrx_word' id='word_1_259' title='bbox 921 2913 1023 2986; x_wconf 74' lang='lat' dir='ltr'><strong>timuit,</strong></span> <span class='ocrx_word' id='word_1_260' title='bbox 1040 2929 1079 2972; x_wconf 89' lang='lat' dir='ltr'><strong>ne</strong></span> 
     </span>
     <span class='ocr_line' id='line_1_33' title="bbox 116 2995 1079 3072; baseline 0.002 -16"><span class='ocrx_word' id='word_1_261' title='bbox 116 3010 199 3068; x_wconf 86' lang='lat' dir='ltr'><strong>quarn</strong></span> <span class='ocrx_word' id='word_1_262' title='bbox 213 2995 385 3058; x_wconf 84' lang='lat' dir='ltr'><strong>liberiorem</strong></span> <span class='ocrx_word' id='word_1_263' title='bbox 400 3012 508 3058; x_wconf 85' lang='lat' dir='ltr'><strong>vocem</strong></span> <span class='ocrx_word' id='word_1_264' title='bbox 522 3005 676 3059; x_wconf 81' lang='lat' dir='ltr'><strong>exuemus</strong></span> <span class='ocrx_word' id='word_1_265' title='bbox 692 2999 780 3059; x_wconf 91' lang='lat' dir='ltr'><strong>dolor</strong></span> <span class='ocrx_word' id='word_1_266' title='bbox 793 2998 930 3069; x_wconf 89' lang='lat' dir='ltr'><strong>mitteret,</strong></span> <span class='ocrx_word' id='word_1_267' title='bbox 951 3013 989 3056; x_wconf 95' lang='lat' dir='ltr'><strong>ne</strong></span> <span class='ocrx_word' id='word_1_268' title='bbox 1005 2997 1079 3072; x_wconf 87' lang='lat' dir='ltr'><strong>quid</strong></span> 
     </span>
     <span class='ocr_line' id='line_1_34' title="bbox 116 3080 1164 3156; baseline 0.002 -18"><span class='ocrx_word' id='word_1_269' title='bbox 116 3080 192 3151; x_wconf 91' lang='lat' dir='ltr'><strong>quod</strong></span> <span class='ocrx_word' id='word_1_270' title='bbox 211 3082 305 3142; x_wconf 90' lang='lat' dir='ltr'><strong>nollet</strong></span> <span class='ocrx_word' id='word_1_271' title='bbox 324 3081 449 3141; x_wconf 88' lang='lat' dir='ltr'><strong>audiret.</strong></span> <span class='ocrx_word' id='word_1_272' title='bbox 492 3081 607 3141; x_wconf 82' lang='lat' dir='ltr'><strong>sciebat</strong></span> <span class='ocrx_word' id='word_1_273' title='bbox 629 3089 728 3141; x_wconf 91' lang='lat' dir='ltr'><strong>autem</strong></span> <span class='ocrx_word' id='word_1_274' title='bbox 748 3081 977 3144; x_wconf 88' lang='lat' dir='ltr'><strong>innumerabilia</strong></span> <span class='ocrx_word' id='word_1_275' title='bbox 996 3095 1076 3156; x_wconf 86' lang='lat' dir='ltr'><strong>esse,</strong></span> <span class='ocrx_word' id='word_1_276' title='bbox 1142 3081 1164 3132; x_wconf 73' lang='grc'>1</span> 
     </span>
     <span class='ocr_line' id='line_1_35' title="bbox 117 3163 1191 3239; baseline 0.007 -19"><span class='ocrx_word' id='word_1_277' title='bbox 117 3177 187 3234; x_wconf 88' lang='lat' dir='ltr'><strong>quae</strong></span> <span class='ocrx_word' id='word_1_278' title='bbox 202 3165 326 3225; x_wconf 84' lang='lat' dir='ltr'><strong>obicere</strong></span> <span class='ocrx_word' id='word_1_279' title='bbox 341 3165 382 3224; x_wconf 93' lang='lat' dir='ltr'><strong>illi</strong></span> <span class='ocrx_word' id='word_1_280' title='bbox 397 3180 486 3225; x_wconf 91' lang='lat' dir='ltr'><strong>nemo</strong></span> <span class='ocrx_word' id='word_1_281' title='bbox 501 3163 559 3224; x_wconf 91' lang='lat' dir='ltr'><strong>nisi</strong></span> <span class='ocrx_word' id='word_1_282' title='bbox 571 3165 720 3239; x_wconf 90' lang='lat' dir='ltr'><strong>periturus</strong></span> <span class='ocrx_word' id='word_1_283' title='bbox 736 3167 871 3226; x_wconf 88' lang='lat' dir='ltr'><strong>auderet.</strong></span> <span class='ocrx_word' id='word_1_284' title='bbox 895 3166 968 3227; x_wconf 85' lang='lat' dir='ltr'><strong>Cum</strong></span> <span class='ocrx_word' id='word_1_285' title='bbox 983 3180 1076 3239; x_wconf 88' lang='lat' dir='ltr'><strong>spon·</strong></span> <span class='ocrx_word' id='word_1_286' title='bbox 1091 3173 1109 3228; x_wconf 82' lang='lat'>4</span> <span class='ocrx_word' id='word_1_287' title='bbox 1188 3170 1191 3177; x_wconf 89' lang='lat'>&#39;</span> 
     </span>
     <span class='ocr_line' id='line_1_36' title="bbox 116 3245 1076 3322; baseline 0.004 -16"><span class='ocrx_word' id='word_1_288' title='bbox 116 3245 176 3316; x_wconf 68' lang='lat' dir='ltr'><strong>tiae</strong></span> <span class='ocrx_word' id='word_1_289' title='bbox 190 3265 251 3308; x_wconf 92' lang='lat' dir='ltr'><strong>non</strong></span> <span class='ocrx_word' id='word_1_290' title='bbox 267 3249 482 3322; x_wconf 84' lang='lat' dir='ltr'><strong>invenirentur,</strong></span> <span class='ocrx_word' id='word_1_291' title='bbox 498 3247 597 3309; x_wconf 82' lang='lat' dir='ltr'><strong>scindi</strong></span> <span class='ocrx_word' id='word_1_292' title='bbox 612 3250 791 3310; x_wconf 90' lang='lat' dir='ltr'><strong>vestimenta</strong></span> <span class='ocrx_word' id='word_1_293' title='bbox 806 3247 985 3310; x_wconf 89' lang='lat' dir='ltr'><strong>miserorum</strong></span> <span class='ocrx_word' id='word_1_294' title='bbox 1000 3258 1031 3310; x_wconf 91' lang='lat' dir='ltr'><strong>et</strong></span> <span class='ocrx_word' id='word_1_295' title='bbox 1045 3250 1076 3310; x_wconf 92' lang='lat' dir='ltr'><strong>in</strong></span> 
     </span>
     <span class='ocr_line' id='line_1_37' title="bbox 117 3331 1077 3408; baseline 0.006 -21"><span class='ocrx_word' id='word_1_296' title='bbox 117 3342 146 3388; x_wconf 89' lang='lat' dir='ltr'><strong>os</strong></span> <span class='ocrx_word' id='word_1_297' title='bbox 160 3331 260 3393; x_wconf 82' lang='lat' dir='ltr'><strong>farciri</strong></span> <span class='ocrx_word' id='word_1_298' title='bbox 271 3349 390 3408; x_wconf 83' lang='lat' dir='ltr'><strong>pannos</strong></span> <span class='ocrx_word' id='word_1_299' title='bbox 401 3332 575 3408; x_wconf 80' lang='lat' dir='ltr'><strong>imperavit:</strong></span> <span class='ocrx_word' id='word_1_300' title='bbox 592 3349 671 3407; x_wconf 88' lang='lat' dir='ltr'><strong>quae</strong></span> <span class='ocrx_word' id='word_1_301' title='bbox 685 3334 744 3393; x_wconf 87' lang='lat' dir='ltr'><strong>ista</strong></span> <span class='ocrx_word' id='word_1_302' title='bbox 758 3333 885 3393; x_wconf 88' lang='lat' dir='ltr'><strong>saevitia</strong></span> <span class='ocrx_word' id='word_1_303' title='bbox 898 3339 967 3395; x_wconf 77' lang='lat' dir='ltr'><strong>esti</strong></span> <span class='ocrx_word' id='word_1_304' title='bbox 987 3333 1077 3393; x_wconf 87' lang='lat' dir='ltr'><strong>lieeat</strong></span> 
     </span>
     <span class='ocr_line' id='line_1_38' title="bbox 117 3411 1074 3492; baseline 0.008 -22"><span class='ocrx_word' id='word_1_305' title='bbox 117 3411 242 3476; x_wconf 91' lang='lat' dir='ltr'><strong>ultimum</strong></span> <span class='ocrx_word' id='word_1_306' title='bbox 258 3415 395 3492; x_wconf 88' lang='lat' dir='ltr'><strong>spiritum</strong></span> <span class='ocrx_word' id='word_1_307' title='bbox 409 3417 539 3478; x_wconf 87' lang='lat' dir='ltr'><strong>trahere.</strong></span> <span class='ocrx_word' id='word_1_308' title='bbox 567 3417 606 3476; x_wconf 90' lang='lat' dir='ltr'><strong>da</strong></span> <span class='ocrx_word' id='word_1_309' title='bbox 621 3415 757 3477; x_wconf 87' lang='lat' dir='ltr'><strong>exiturae</strong></span> <span class='ocrx_word' id='word_1_310' title='bbox 771 3417 888 3477; x_wconf 87' lang='lat' dir='ltr'><strong>animae</strong></span> <span class='ocrx_word' id='word_1_311' title='bbox 903 3417 1013 3478; x_wconf 88' lang='lat' dir='ltr'><strong>loeum.</strong></span> <span class='ocrx_word' id='word_1_312' title='bbox 1040 3419 1074 3478; x_wconf 90' lang='lat' dir='ltr'><strong>li·</strong></span> 
     </span>
     <span class='ocr_line' id='line_1_39' title="bbox 117 3499 1108 3576; baseline 0.007 -20"><span class='ocrx_word' id='word_1_313' title='bbox 117 3505 175 3557; x_wconf 79' lang='lat' dir='ltr'><strong>teat</strong></span> <span class='ocrx_word' id='word_1_314' title='bbox 187 3500 269 3560; x_wconf 91' lang='lat' dir='ltr'><strong>illam</strong></span> <span class='ocrx_word' id='word_1_315' title='bbox 282 3516 344 3561; x_wconf 92' lang='lat' dir='ltr'><strong>non</strong></span> <span class='ocrx_word' id='word_1_316' title='bbox 365 3517 421 3576; x_wconf 92' lang='lat' dir='ltr'><strong>per</strong></span> <span class='ocrx_word' id='word_1_317' title='bbox 434 3502 543 3561; x_wconf 92' lang='lat' dir='ltr'><strong>volnus</strong></span> <span class='ocrx_word' id='word_1_318' title='bbox 563 3499 706 3561; x_wconf 90' lang='lat' dir='ltr'><strong>emittere.</strong></span> <span class='ocrx_word' id='word_1_319' title='bbox 733 3501 866 3562; x_wconf 83' lang='lat' dir='ltr'><strong>Adicere</strong></span> <span class='ocrx_word' id='word_1_320' title='bbox 886 3500 934 3561; x_wconf 88' lang='lat' dir='ltr'><strong>his</strong></span> <span class='ocrx_word' id='word_1_321' title='bbox 954 3502 1108 3576; x_wconf 76' lang='lat' dir='ltr'><strong>longuma</strong></span> 
     </span>
    </p>
   </div>
   <div class='ocr_carea' id='block_1_3' title="bbox 0 0 1232 3982">
    <p class='ocr_par' dir='ltr' id='par_1_4' title="bbox 0 0 1232 3982">
     <span class='ocr_line' id='line_1_40' title="bbox 0 0 1232 3982; baseline 0 0"><span class='ocrx_word' id='word_1_322' title='bbox 0 0 1232 3982; x_wconf 95' lang='lat' dir='ltr'><strong> </strong></span> 
     </span>
    </p>
   </div>
  </div>
 </body>
</html>
