2438 3968
176 244 238 307 182
362 247 394 306 1..
414 247 561 306 ANNAEI
583 247 759 307 SENECAE
781 248 882 308 DIAL.
905 246 954 308 lx.

176 396 307 458 arrricitia
326 397 425 458 fidelis
446 405 476 460 et
497 397 605 459 dulcis.
640 406 784 474 quantum
797 398 912 459 bonum
926 406 988 473 est,
1009 399 1150 462 ubisunt

175 488 357 557 praeparata
371 487 513 556 pectora,
528 483 558 542 in
575 498 655 558 quae
667 489 732 543 tuto
748 489 899 544 secretum
914 499 1004 543 omne
1019 484 1148 545 descen-

177 567 242 638 dat,
259 582 388 641 quorum
405 564 622 626 conscientiam
635 566 735 627 minus
748 583 839 641 quarn
849 572 931 627 tuam
942 567 1059 641 timeas,
1073 585 1159 643 quo.

175 667 242 712 rum
258 666 359 712 senno
375 649 610 711 sollicitudinem
624 650 731 724 leniat,
752 650 901 711 sententia
917 652 1080 712 consilium
1096 667 1148 713 ex·

177 735 294 810 pediat,
315 733 451 796 hilaritas
472 732 623 795 tristitiam
642 732 788 810 dissipet,
810 743 997 810 conspectus
1012 735 1081 811 ipso
1096 737 1148 796 de-

176 820 279 880 lectett
310 835 390 895 quos
415 817 531 878 scilicet
555 834 687 892 vacuos,
714 825 857 894 quantum
882 819 947 879 lieri
974 820 1102 894 poterit,
1130 835 1150 878 a

176 903 391 978 cupiditatibus
402 902 559 976 eligemus.
576 909 704 977 serpunt
714 903 794 962 enim
805 902 877 964 vitia
889 910 920 963 et
930 903 960 962 in
976 904 1147 978 proximum

145 1012 160 1064 l
177 1003 330 1063 quemque
344 987 534 1047 transsiliunt
547 993 577 1047 et
591 991 732 1047 contactu
746 995 865 1048 nocent.
899 987 1006 1063 Itaque
1021 988 1103 1062 quod
1117 988 1147 1047 in

176 1071 349 1146 pestilentia
364 1071 531 1131 curandum
545 1078 607 1143 est,
629 1086 668 1130 ne
683 1072 832 1147 correptis
846 1071 907 1131 iam
920 1072 1103 1146 corporibus
1119 1079 1150 1133 at

176 1155 284 1216 morbo
306 1154 505 1230 flagrantibus
521 1155 732 1229 adsideamus,
755 1155 826 1231 quia
840 1154 977 1230 pericula
992 1156 1148 1217 trahemus

176 1237 353 1315 adflatuque
374 1240 443 1314 ipso
464 1237 684 1300 laborabimus:
705 1239 747 1300 ita
766 1239 795 1298 in
821 1239 988 1300 amicorum
1008 1239 1149 1314 legendis

176 1322 306 1399 ingeniis
329 1324 468 1402 dabimus
489 1338 629 1399 operam,
658 1330 692 1384 ut
717 1341 807 1399 quam
828 1322 952 1384 minime
972 1323 1166 1398 inquinatos*

175 1409 390 1470 adsumamus:
413 1407 528 1469 initium
543 1407 642 1468 morbi
657 1414 705 1467 est
718 1408 818 1483 aegris
833 1408 1059 1469 sanamiscere.
1086 1407 1149 1468 Neo

176 1492 236 1554 hoc
251 1491 460 1568 praeceperim
474 1491 543 1565 tibi,
564 1499 598 1553 ut
611 1492 760 1552 neminem
776 1490 835 1552 nisi
850 1491 1020 1566 sapientem
1036 1507 1149 1567 sequa·

175 1577 219 1637 ris
234 1583 285 1637 aut
300 1576 451 1637 adtrahas.
481 1575 532 1636 ubi
551 1570 630 1636 'euim
649 1576 740 1636 istum
759 1577 913 1652 invenies,
934 1591 1025 1652 quem
1039 1581 1085 1636 tot
1099 1592 1149 1637 se·

145 1667 161 1720 5
177 1660 253 1720 culis
270 1661 466 1735 quaerimusa
484 1677 540 1735 pro
556 1662 670 1736 optimo
685 1666 733 1721 est
747 1659 869 1720 minime
882 1662 990 1721 malus.
1018 1660 1080 1719 Vix
1094 1659 1149 1719 tihi

176 1750 260 1805 esset
274 1744 402 1804 facultas
419 1745 555 1805 delectus
570 1745 732 1818 felicioris,
753 1744 781 1804 si
800 1744 878 1805 inter
888 1743 1030 1804 Platonas
1045 1752 1077 1804 et
1088 1744 1148 1804 Xe·

176 1827 349 1902 nophontas
361 1836 391 1888 et
403 1829 486 1887 illum
498 1827 646 1890 Socratici
656 1830 735 1888 letus
746 1835 927 1904 proventum
941 1828 1041 1889 honos
1053 1843 1147 1903 quae-

175 1927 277 1984 reres,
292 1920 343 1971 aut
357 1912 383 1970 si
398 1911 451 1971 tibi
467 1920 604 1987 potestas
621 1912 803 1973 Catonianae
818 1912 905 1973 fieret
922 1912 1043 1985 aetatis,
1065 1927 1148 1987 quae

175 1996 343 2070 plerosque
363 1994 472 2070 dignos
497 1997 577 2070 tulit,
603 1997 654 2072 qui
677 1996 800 2056 Catonis
821 1997 926 2057 seculo
947 2003 1147 2056 nascerentur
1194 2030 1199 2040 ·

176 2078 268 2154 (sicut
288 2079 398 2139 multos
421 2078 543 2156 peiores
566 2098 656 2156 quam
677 2096 820 2155 umquam
841 2081 917 2142 alias
932 2078 1148 2141 maximorum-

178 2179 237 2239 que
257 2163 413 2224 molitores
434 2166 593 2225 scelerum.
617 2173 747 2239 utraque
767 2164 846 2224 enim
868 2162 957 2225 turba
976 2180 1056 2239 opus
1072 2171 1148 2239 erat,

176 2255 209 2309 ut
224 2248 296 2308 Cato
314 2255 421 2323 posset
437 2250 579 2324 intellegi.
607 2250 721 2310 hahere
735 2248 839 2309 debuit
853 2257 883 2308 et
896 2247 1012 2322 bonne,
1034 2246 1148 2323 quibus

178 2349 212 2392 se
234 2332 432 2407 adprobaret,
458 2340 488 2393 et
506 2335 618 2408 malos,
638 2333 669 2393 in
685 2333 796 2408 quibus
810 2333 872 2392 vim
888 2348 975 2392 suam
991 2333 1147 2408 experire-

145 2421 251 2488 filum:
282 2431 362 2477 nunc
382 2433 455 2478 vero
475 2418 506 2476 in
526 2425 608 2478 tanta
626 2418 777 2478 bonorum
796 2423 932 2492 egestate
947 2416 1046 2476 minus
1061 2416 1149 2476 iasti-

177 2499 266 2560 diosa
290 2502 343 2562 liat
367 2499 484 2562 electio.
523 2502 688 2577 praecipue
711 2508 811 2561 tamen
835 2500 967 2561 uitentur
990 2501 1092 2562 tristes
1119 2507 1149 2559 et

177 2585 278 2645 omnia
299 2586 507 2660 deplorantes,
530 2585 642 2660 quihus
663 2587 744 2645 nulla
764 2601 826 2645 nou
848 2600 943 2646 causa
957 2584 988 2645 in
1004 2583 1148 2659 querelas

177 2670 285 2742 placet.
319 2677 438 2730 constet
456 2668 499 2730 illi
520 2671 590 2730 licet
604 2670 682 2730 fides
703 2677 732 2730 el
752 2669 979 2729 benevolentia:
1000 2667 1147 2743 tranquil·

176 2750 250 2812 litati
275 2758 374 2812 tamen
400 2753 539 2814 inimicus
564 2764 611 2814 est
640 2769 744 2814 comes
769 2754 963 2827 perturbatus
989 2760 1019 2812 et
1045 2751 1149 2812 omnia

176 2850 312 2911 gemens.

145 2930 160 2982 1
193 2968 198 2979 .
239 2919 317 2980 VIII.
338 2920 920 2997 Transeamusadpatrimonia,
943 2919 1147 2980 maximam

176 3003 422 3065 humanarum
458 3020 722 3067 aerumnarum
756 3004 966 3065 materiam.
1008 3003 1084 3064 Nam
1120 3005 1147 3062 si

61 3161 63 3166 Ι
177 3088 278 3148 omnia
298 3090 370 3164 alia,
397 3088 507 3165 quibus
523 3089 675 3164 angimur,
697 3104 865 3164 conpares,
888 3095 1018 3160 mortes,
1037 3103 1145 3162 aegro·

177 3171 320 3247 tationes,
341 3180 456 3248 metus,
473 3173 640 3247 desideria,
661 3173 800 3234 dolorum
815 3171 1016 3248 laborumque
1030 3171 1146 3247 patian-

175 3253 262 3328 tiam,
284 3271 353 3316 cum
373 3256 410 3318 iis
432 3274 511 3332 qnae
532 3257 621 3318 nobis
643 3259 723 3317 mala
743 3256 872 3333 pecunia
892 3264 999 3317 nostra
1013 3255 1145 3326 exhibet,

143 3338 251 3402 ihaec
269 3356 342 3414 pars
362 3342 487 3402 multum
508 3342 730 3417 praegravabit.
758 3342 864 3416 ltaque
879 3340 1074 3415 cogitandum
1089 3347 1146 3412 est,

177 3432 290 3499 quanto
306 3422 403 3483 levior
418 3425 507 3486 dolor
523 3426 636 3487 sitnon
651 3425 765 3485 habere
780 3441 873 3500 quam
887 3425 1033 3499 perdere=
1056 3430 1087 3484 el
1100 3422 1145 3484 iu·

174 3509 352 3584 tellegemus
374 3510 546 3584 paupertati
562 3526 598 3570 eo
615 3509 760 3569 minorem
776 3515 1072 3584 tormentorumque
1089 3505 1144 3568 mi·
