2438 3968
193 271 235 333 56
481 271 515 329 L.
536 272 681 332 ANNAEI
705 270 881 332 SENECAE

165 429 181 484 l
252 423 305 482 lV.
327 422 365 480 Et
379 429 411 482 ut
425 422 506 482 scias
522 422 776 497 quemadmodum
797 421 941 497 incipiant
960 423 1116 486 adiectus
1133 438 1182 491 aut

195 513 334 566 crescant
351 513 402 565 aut
416 505 587 578 efferantur,
603 513 651 564 est
664 503 778 579 primus
791 512 890 566 motus
904 521 967 565 non
982 508 1180 571 voluntarius

196 590 284 664 quasi
300 590 491 664 praeparatio
506 589 645 648 adlectus
661 597 690 650 et
705 588 854 663 quaedam
871 590 1086 653 comminatio.
1108 593 1182 653 alter

195 688 264 733 curn
279 675 432 733 voluntate
446 690 507 732 non
523 672 707 744 contumaci,
721 679 874 746 tamquam
890 680 1036 748 oporteat
1051 691 1105 739 me
1120 677 1178 736 vin·

195 756 303 832 dicari,
326 772 394 815 curn
414 757 517 815 laesus
539 756 610 828 sim,
633 763 841 831 autoporteat
860 756 941 817 hunc
956 773 1082 832 poenas
1099 761 1178 833 darc,

195 857 262 900 cum
284 840 386 900 scelus
408 841 521 899 lecerit.
550 839 654 899 tertius
674 848 774 901 motus
794 846 842 900 est
861 841 919 899 iarn
933 841 1107 917 inpotens,
1131 844 1179 919 qui
1218 917 1219 920 Ἴ

195 941 256 983 non
272 923 299 983 si
315 929 450 997 oportet,
473 923 578 983 ulcisci
595 925 669 997 vult,
687 924 742 982 sed
757 925 863 998 utique
879 923 930 998 qui
945 926 1107 987 rationem
1122 926 1178 987 eri-

165 1007 243 1066 2611.
270 1006 401 1065 Primum
423 1007 503 1065 illum
525 1005 616 1066 animi
630 1008 719 1067 ictum
736 1007 872 1082 effugere
885 1007 1004 1068 ratione
1024 1026 1091 1071 non
1110 1026 1177 1086 pos·

195 1106 318 1163 sumus,
340 1090 419 1149 sicut
440 1105 478 1147 ne
497 1089 549 1150 illa
570 1091 691 1166 quidem
709 1107 788 1166 quae
803 1091 934 1151 diximus
949 1093 1101 1154 accidere
1116 1110 1176 1156 cor-

195 1172 339 1248 poribuS,
356 1189 395 1232 ne
410 1188 468 1232 nos
483 1173 621 1234 oscitatio
637 1174 735 1233 aliena
749 1175 903 1248 sollicitet,
923 1191 961 1234 ne
977 1178 1064 1237 oculi
1079 1180 1124 1240 ad
1136 1179 1175 1239 in·

195 1257 390 1318 tentationem
417 1257 547 1318 subitam
572 1259 731 1333 digitorum
758 1259 990 1333 conprimentur.
1028 1261 1093 1322 ista
1120 1278 1175 1322 uon

195 1348 298 1417 potest
316 1341 393 1402 ratio
414 1342 552 1413 vincere,
575 1344 762 1403 consuetudo
785 1344 915 1403 sortasse
929 1349 959 1401 6ι
973 1343 1114 1406 adsidua
1127 1344 1173 1406 ot

195 1427 328 1488 servatio
344 1434 495 1487 extenuat.
528 1426 613 1486 Alter
633 1428 682 1485 1116
702 1433 802 1486 motus
825 1426 877 1501 qui
896 1425 1010 1486 iudicio
1030 1430 1173 1503 nascitur,

194 1509 307 1572 iudicio
322 1511 444 1571 tollitur.

165 1602 181 1655 1
253 1596 291 1653 V.
314 1594 391 1654 lllud
411 1595 582 1655 etiamnunc
603 1593 811 1670 quaerendum
831 1599 893 1664 est,
912 1592 949 1652 hi
970 1595 1038 1667 qui
1058 1599 1173 1671 volgo

196 1677 811 1752 saeviuntetsanguinelrumano
829 1677 1017 1751 gaudent,
1033 1696 1082 1739 an
1104 1680 1172 1739 ira·

195 1769 367 1835 scantur,
383 1778 545 1822 cumeos
561 1762 757 1833 occidunt,
779 1761 952 1835 aquibus
973 1777 1044 1821 nec
1065 1778 1172 1824 acce·

196 1852 337 1918 parunt
360 1844 539 1904 iniuriam
565 1860 635 1904 nec
661 1846 865 1920 accepisse
890 1845 1001 1918 ipsos
1033 1847 1172 1908 existi-

166 1935 310 1989 2mant=
334 1926 431 2002 qualia
451 1929 507 1988 luit
527 1928 734 2003 Apollodorus
755 1938 806 1988 aut
824 1927 969 1987 Phalaris.
1005 1929 1097 1991 Haec
1119 1944 1178 1992 nou·

197 2018 244 2070 6ει
258 2009 318 2083 ira,
334 2011 438 2071 lenitas
453 2019 508 2071 est.
531 2028 591 2071 non
608 2012 685 2070 enim
702 2013 772 2088 quia
787 2012 906 2086 accepit
919 2011 1061 2073 iniuriam
1078 2022 1173 2086 nocet,

196 2094 253 2153 sed
268 2102 373 2169 parata
388 2102 448 2169 est,
470 2096 541 2155 dum
561 2102 684 2169 noceat,
702 2099 779 2156 velle
795 2097 944 2171 accipere.
974 2111 1033 2155 nec
1048 2096 1097 2158 illi
1112 2114 1173 2159 ver

195 2179 269 2237 bera
289 2179 550 2255 lacerationesque
571 2179 602 2239 in
623 2181 767 2241 ultionem
783 2188 940 2256 petuntur,
962 2180 1020 2241 sed
1042 2181 1073 2243 iu
1092 2184 1173 2245 volu

164 2269 315 2336 aptatam.
340 2262 417 2335 Quid
432 2270 526 2338 ergol
547 2265 633 2340 origo
648 2264 737 2324 huius
752 2263 821 2324 mali
836 2265 874 2324 ab
888 2264 933 2324 ira
947 2271 1010 2338 est,
1027 2283 1115 2342 quae
1129 2266 1173 2329 ubi

195 2347 344 2422 frequenti
361 2348 578 2408 exercitatione
593 2356 622 2408 et
637 2348 774 2409 satietate
794 2347 823 2408 in
840 2348 1025 2409 oblivionem
1042 2351 1174 2413 clemen·

196 2431 253 2491 tiae
269 2432 395 2491 renitet
416 2448 505 2492 omne
519 2433 628 2493 foedus
644 2433 808 2492 humanum
826 2431 914 2492 eiecit
928 2432 1046 2506 animo,
1069 2437 1174 2499 novia-

194 2515 270 2574 sime
285 2515 314 2574 in
331 2516 536 2576 crudelitatem
552 2517 673 2576 transit:
694 2517 793 2576 rident
812 2515 915 2591 itaque
932 2516 1176 2594 gaudentqueet

195 2601 348 2673 voluptate
379 2600 472 2659 multa
499 2603 692 2675 pertruuntur
719 2601 941 2678 plurimumque
964 2600 1002 2659 ab
1028 2600 1174 2665 iratorum

163 2683 183 2737 l
196 2683 278 2742 voltu
292 2684 417 2757 absunt,
433 2701 488 2759 per
504 2685 596 2744 otium
612 2683 705 2744 saevi.
732 2683 931 2743 Hannibalem
944 2683 1029 2744 aiunt
1045 2685 1175 2761 dixisse,

195 2780 263 2825 cum
278 2767 392 2826 lessam
407 2768 556 2843 sanguine
570 2768 701 2827 humano
717 2768 837 2842 plenam
851 2768 993 2828 vidisset:
1015 2783 1034 2828 o
1051 2769 1175 2842 formo-

193 2865 258 2908 sum
279 2849 497 2925 spectaculum!
520 2852 636 2926 Quanto
658 2851 816 2926 pulchrius
836 2851 877 2910 illi
899 2852 996 2910 visum
1018 2863 1126 2930 esset,
1150 2853 1174 2915 si

194 2931 306 2992 1111111611
324 2932 448 3009 aliquod
462 2936 623 3011 lacumque
635 2937 831 3011 conplessett
845 2934 922 3009 Quid
937 2933 1055 3010 mirum,
1070 2940 1102 2998 si
1118 2940 1174 3001 hot

194 3015 323 3076 maxime
339 3020 513 3092 spectaculo
529 3018 647 3094 caperis
667 3019 788 3078 innatus
803 3017 943 3094 sanguini
959 3025 989 3078 et
1004 3019 1044 3078 ab
1058 3021 1175 3085 intanta

194 3100 338 3161 caedibus
350 3100 512 3163 admotus?
522 3110 667 3179 sequetur
679 3110 706 3162 te
718 3104 838 3163 fortuna
851 3101 1018 3162 crudelitati
1032 3111 1110 3167 tuae
1123 3120 1176 3183 pat

193 3182 298 3258 viginti
312 3198 411 3246 annos
426 3188 562 3247 secunda
577 3186 720 3261 dabitque
736 3185 832 3247 oeulis
848 3187 907 3246 tuis
922 3191 1040 3260 gratum
1056 3189 1175 3266 ubique
1208 3245 1209 3254 ,

194 3269 410 3342 spectaculum.
438 3270 556 3330 videbis
577 3268 659 3329 istud
679 3275 710 3328 6ι
729 3271 809 3330 circa
819 3270 1027 3331 Trasimenum
1043 3278 1075 3333 et
1092 3273 1175 3335 circa
1208 3311 1209 3333 1

162 3350 312 3412 tcannas
333 3359 363 3413 et
388 3353 555 3414 novissime
577 3353 658 3412 circa
679 3352 887 3428 Carthaginem
908 3361 999 3414 tuam.
1033 3355 1174 3419 Volesus

193 3450 292 3510 nuper
305 3436 363 3497 sub
378 3436 450 3496 divo
464 3440 603 3512 Augusto
619 3438 783 3511 proconsul
797 3437 906 3510 Asiae,
926 3453 994 3498 cum
1014 3444 1173 3505 trecentos
1218 3471 1219 3478 1

190 3532 253 3581 uuo
269 3518 319 3580 die
334 3521 435 3581 securi
450 3519 665 3596 percussisset,
681 3520 827 3581 incedens
843 3521 920 3581 inter
934 3521 1092 3584 cadavera
1107 3527 1171 3589 vol·
1218 3577 1219 3582 ,

296 3670 426 3736 A
