2438 3968
170 273 174 280 ·
213 256 265 317 DE
279 256 611 330 TRANQUILLITATE
627 259 746 319 ANIMI.
768 268 871 323 8—10.
931 334 933 338 Α
965 258 1027 326 185

58 414 107 472 vix
129 420 193 472 tota
214 412 275 470 vita
295 411 412 470 indices
436 411 584 485 perlegite
611 418 718 471 onerat
738 410 906 472 discentem
926 412 1024 487 turba,

57 513 117 556 non
142 494 276 568 instruit,
302 495 458 569 multoque
484 495 579 554 satius
603 502 651 555 est
675 496 781 569 paucis
800 502 830 555 te
851 497 1025 558 auctoribus

57 580 192 655 tradere,
215 595 306 653 quam
328 595 430 639 errare
446 594 502 652 per
521 578 642 638 multos.
677 577 882 654 Quadraginta
896 582 977 641 milia
991 583 1057 652 lix

55 664 180 724 brorum
193 662 399 723 Alexandriae
414 669 568 722 arserunt:
585 661 818 736 pulcherrimum
833 664 935 738 regiae
951 682 1026 740 opu·

57 748 167 808 lentiae
193 754 419 807 monumentum
441 746 519 805 alius
540 745 729 819 laudaverit,
757 747 836 807 sicut
862 755 892 808 et
911 749 1026 822 Livius,

58 832 109 907 qui
124 835 288 905 elegantiae
301 847 405 905 regum
416 846 565 904 curaeque
574 833 725 905 cereptum
739 831 774 890 id
781 847 854 905 opus
865 832 906 892 ait
913 831 1027 905 fuisse:

56 930 118 974 non
140 914 195 975 suit
214 915 365 988 elegantia
380 914 455 973 illud
473 921 523 972 aut
544 930 630 987 cura,
657 915 714 974 sed
738 915 877 976 studiosa
896 915 1025 986 luxuria,
1050 988 1053 993 ,

57 999 147 1061 immo
163 1015 201 1058 ne
216 997 356 1060 studiosa
370 998 508 1072 quidem,
525 997 667 1072 quoniam
682 1014 743 1059 non
758 998 787 1056 in
803 999 950 1070 studium,
969 999 1027 1061 sed

56 1083 86 1140 in
113 1083 322 1157 spectaculum
349 1088 604 1156 conparaverant,
631 1082 710 1143 sicut
735 1081 890 1158 plerisque
912 1083 1026 1157 ignaris

57 1167 145 1227 etiarn
154 1166 309 1225 servilium
321 1165 473 1225 literarum
485 1164 553 1224 libri
564 1181 624 1225 non
638 1166 807 1226 studiorum
819 1167 1025 1241 instrumenta,

57 1251 115 1311 sed
137 1249 349 1310 coenatiouum
371 1257 549 1316 ornamenta
568 1257 646 1309 sunt.
675 1249 801 1310 Paretur
816 1251 920 1326 itaque
935 1251 1026 1311 libro-

56 1351 123 1394 rurn
139 1340 283 1408 quantum
299 1333 373 1393 satis
389 1334 442 1406 sit,
471 1333 545 1392 nihil
559 1334 589 1392 in
604 1333 791 1407 adparatum.
826 1379 843 1407 „
851 1335 1025 1409 Honestius,
1041 1348 1059 1404 6

57 1418 175 1492 inquiS‚
197 1417 256 1478 hoc
277 1425 307 1478 te
322 1419 338 1457 *
353 1418 501 1492 inpensae
526 1433 618 1491 quam
639 1418 669 1475 in
684 1417 844 1478 ,Corinthia
866 1417 1027 1492 pictasque

57 1500 176 1562 tabulas
197 1500 366 1561 effuderint.
376 1506 393 1534 ‘⁴
423 1501 575 1560 Vitiosum
591 1506 638 1559 est
657 1500 783 1576 ubique,
805 1501 890 1575 quod
903 1501 1027 1562 nimium

57 1593 115 1645 est.
146 1586 220 1660 quid
237 1583 349 1656 habes,
372 1601 426 1644 cur
445 1583 589 1658 ignoscas
611 1582 724 1644 bomini
742 1586 870 1644 armaria
893 1586 967 1646 citro
983 1590 1026 1646 at-

59 1685 118 1743 quc
139 1668 233 1728 ebore
254 1668 405 1743 captanti,
428 1683 558 1742 corpora
580 1667 770 1742 conquirenti
791 1675 842 1728 aut
855 1670 1027 1743 ignotorum

59 1759 214 1812 auctorum
238 1759 290 1812 aut
312 1752 541 1826 improbatorum
568 1760 598 1812 et
621 1752 698 1812 inter
716 1759 760 1812 tot
781 1752 862 1812 milia
880 1753 1026 1815 librorum

59 1836 213 1908 oscitanti,
232 1837 279 1895 cui
294 1835 480 1895 voluminum
492 1851 617 1895 suorum
633 1837 747 1896 irontes
762 1837 891 1897 maxime
907 1836 1027 1911 placent

60 1920 217 1994 titulique?
244 1920 338 1993 Apud
360 1919 622 1980 desidiosissimos
645 1934 718 1993 ergo
742 1919 862 1981 videbis
879 1921 1056 1998 quicquidu

59 2002 227 2063 orationum
241 2002 497 2077 historiarumque
512 2010 566 2076 est,
582 2009 662 2063 tecto
675 2011 763 2064 tenus
772 2012 927 2065 exstructa
941 2006 1024 2066 locu·-

58 2088 198 2147 lamenta.
226 2088 284 2147 iam
301 2088 381 2148 enim
396 2088 473 2148 inter
483 2086 638 2147 balnearia
652 2095 681 2146 et
694 2088 827 2148 thermas
840 2088 1026 2149 bibliotheca

59 2187 184 2245 quoque
205 2178 237 2230 ut
260 2170 467 2231 necessarium
493 2171 602 2231 domus
628 2179 837 2233 ornamentum
863 2173 1024 2247 expolitur.

60 2257 251 2329 ignoscerem
268 2256 374 2330 plane,
391 2256 418 2315 si
433 2255 604 2315 studiorum
618 2255 710 2314 nimia
723 2256 866 2330 cupidine
882 2256 1024 2316 oriretur:

58 2355 138 2398 nunc
153 2339 211 2398 ista
226 2338 412 2413 conquisita,
434 2354 503 2397 cum
525 2338 705 2413 imaginibus
720 2340 785 2398 suis
803 2339 957 2414 descripta
973 2345 1025 2412 [et]

58 2437 216 2481 sacrorum
236 2438 331 2496 opera
352 2422 541 2496 ingeniorum
563 2424 592 2481 in
609 2422 742 2496 speciem
757 2430 786 2482 et
801 2423 911 2482 cultum
927 2423 1025 2497 parie-

60 2514 120 2564 tum
136 2513 351 2578 conparantur.
942 2508 945 2514 '

119 2589 156 2647 Χ.
178 2590 218 2647 At
233 2588 295 2662 [ad]
311 2589 436 2663 aliquod
448 2605 570 2664 genus
586 2591 690 2649 vitae
706 2590 879 2651 difficile
894 2589 1027 2649 incidisti
1042 2605 1053 2658 l

48 2678 87 2732 ‘et
107 2672 160 2733 tibi
182 2670 333 2747 ignoranti
349 2674 397 2733 vel
414 2671 534 2748 publica
548 2676 669 2734 lortuna
683 2673 732 2732 vel
749 2674 867 2747 privata
881 2673 1024 2749 laqueum
1069 2733 1072 2740 ,

58 2757 189 2832 inpegit,
213 2771 303 2831 quem
318 2770 375 2815 uec
391 2757 513 2816 solvere
528 2773 640 2833 posses
656 2773 713 2816 nec
729 2772 904 2832 erumpere=
926 2758 1026 2832 cogita

58 2840 239 2916 conpeditos
268 2839 364 2914 primo
386 2855 477 2914 aegre
492 2841 571 2902 ferre
586 2857 679 2902 onera
694 2847 723 2900 et
737 2841 944 2916 inpedimenta
958 2857 1024 2900 cru-

57 2941 133 2984 rum.
163 2924 274 2984 deinde
294 2922 346 2985 ubi
366 2938 428 2983 non
449 2923 598 2998 indignari
620 2925 683 2997 illa,
706 2925 763 2984 sed
777 2925 839 3000 pati
853 2941 1024 3000 proposue-

56 3017 140 3082 runt,
161 3007 384 3068 necessitas
405 3007 562 3068 lortiter
583 3010 685 3068 ferre
706 3009 833 3083 docet,
860 3024 1025 3069 consue·

56 3093 148 3153 tudo
164 3092 292 3153 facile.
320 3091 459 3151 Invenies
474 3091 504 3151 in
521 3092 656 3167 quolibet
669 3108 782 3168 genere
796 3092 876 3153 vitae
893 3091 1026 3152 oblecta-

57 3183 157 3237 menta
178 3183 208 3236 et
221 3176 419 3237 remissiones
441 3181 473 3236 et·
489 3176 678 3252 voluptates:
700 3176 727 3237 si
747 3176 896 3250 nolueris,
919 3175 1026 3236 malam
1130 3178 1136 3189 '

56 3268 172 3336 putate
189 3259 280 3321 vitam
297 3260 399 3336 potius
420 3275 510 3336 quam
527 3260 708 3320 invidiosam
723 3262 833 3320 lacere.
849 3260 949 3321 llullo
963 3269 1057 3322 met

57 3345 116 3405 lius
137 3345 258 3404 nomine
281 3345 319 3404 de
341 3343 429 3405 nobis
448 3351 556 3403 natura
577 3343 699 3417 meruit,
720 3360 808 3418 quarn
825 3346 941 3423 [quod],
957 3360 1026 3403 cum

56 3429 149 3489 sciret
171 3427 282 3502 quibus
304 3428 455 3488 aerumnis
476 3442 684 3500 nasceremur,
707 3427 907 3488 calamitatum
929 3428 1024 3489 molli-

55 3519 188 3572 mentum
210 3512 461 3572 consuetudinem
487 3511 616 3583 invenit,
646 3512 705 3572 cito
733 3512 763 3570 in
793 3512 1024 3572 familiaritatem
