<?xml version="1.0" encoding="UTF-8"?>
<!DOCTYPE html PUBLIC "-//W3C//DTD XHTML 1.0 Transitional//EN"
    "http://www.w3.org/TR/xhtml1/DTD/xhtml1-transitional.dtd">
<html xmlns="http://www.w3.org/1999/xhtml" xml:lang="en" lang="en">
 <head>
  <title>
</title>
<meta http-equiv="Content-Type" content="text/html;charset=utf-8" />
  <meta name='ocr-system' content='tesseract 3.04.00' />
  <meta name='ocr-capabilities' content='ocr_page ocr_carea ocr_par ocr_line ocrx_word'/>
</head>
<body>
  <div class='ocr_page' id='page_1' title='image "./lannaeisenecaeo05senegoog_0091.png"; bbox 0 0 2438 3968; ppageno 0'>
   <div class='ocr_carea' id='block_1_1' title="bbox 188 243 875 308">
    <p class='ocr_par' dir='ltr' id='par_1_1' title="bbox 188 243 875 308">
     <span class='ocr_line' id='line_1_1' title="bbox 188 243 875 308; baseline -0.003 0"><span class='ocrx_word' id='word_1_1' title='bbox 188 244 228 308; x_wconf 81' lang='lat'>76</span> <span class='ocrx_word' id='word_1_2' title='bbox 477 246 510 304; x_wconf 88' lang='lat' dir='ltr'>L.</span> <span class='ocrx_word' id='word_1_3' title='bbox 533 245 679 306; x_wconf 81' lang='lat' dir='ltr'>ANNAEl</span> <span class='ocrx_word' id='word_1_4' title='bbox 701 243 875 306; x_wconf 76' lang='lat' dir='ltr'>SENECAE</span> 
     </span>
    </p>
   </div>
   <div class='ocr_carea' id='block_1_2' title="bbox 133 395 1213 3574">
    <p class='ocr_par' dir='ltr' id='par_1_2' title="bbox 133 395 1213 3574">
     <span class='ocr_line' id='line_1_2' title="bbox 159 395 1176 477; baseline 0.006 -20"><span class='ocrx_word' id='word_1_5' title='bbox 159 397 314 474; x_wconf 71' lang='lat' dir='ltr'>squidem</span> <span class='ocrx_word' id='word_1_6' title='bbox 341 396 495 472; x_wconf 90' lang='lat' dir='ltr'>expediat.</span> <span class='ocrx_word' id='word_1_7' title='bbox 528 396 560 455; x_wconf 83' lang='lat' dir='ltr'>C.</span> <span class='ocrx_word' id='word_1_8' title='bbox 582 397 694 456; x_wconf 83' lang='lat' dir='ltr'>Caesar</span> <span class='ocrx_word' id='word_1_9' title='bbox 714 395 850 457; x_wconf 75' lang='lat' dir='ltr'><strong>Pastoris</strong></span> <span class='ocrx_word' id='word_1_10' title='bbox 876 397 1041 473; x_wconf 81' lang='lat' dir='ltr'>splendidi</span> <span class='ocrx_word' id='word_1_11' title='bbox 1069 398 1176 477; x_wconf 78' lang='lat' dir='ltr'>equitia</span> 
     </span>
     <span class='ocr_line' id='line_1_3' title="bbox 133 480 1174 548; baseline 0.005 -6"><span class='ocrx_word' id='word_1_12' title='bbox 133 538 137 548; x_wconf 90' lang='grc'><strong>,</strong></span> <span class='ocrx_word' id='word_1_13' title='bbox 187 481 315 542; x_wconf 88' lang='lat' dir='ltr'>Romani</span> <span class='ocrx_word' id='word_1_14' title='bbox 336 481 430 540; x_wconf 87' lang='lat' dir='ltr'>filium</span> <span class='ocrx_word' id='word_1_15' title='bbox 452 497 521 541; x_wconf 89' lang='lat' dir='ltr'>cum</span> <span class='ocrx_word' id='word_1_16' title='bbox 541 480 572 540; x_wconf 93' lang='lat' dir='ltr'>in</span> <span class='ocrx_word' id='word_1_17' title='bbox 593 481 732 542; x_wconf 88' lang='lat' dir='ltr'>custodia</span> <span class='ocrx_word' id='word_1_18' title='bbox 751 480 910 541; x_wconf 83' lang='lat' dir='ltr'>habuisset</span> <span class='ocrx_word' id='word_1_19' title='bbox 928 482 1101 545; x_wconf 78' lang='lat' dir='ltr'><strong>munditiis</strong></span> <span class='ocrx_word' id='word_1_20' title='bbox 1117 484 1174 547; x_wconf 81' lang='lat' dir='ltr'>eiua</span> 
     </span>
     <span class='ocr_line' id='line_1_4' title="bbox 189 562 1173 640; baseline 0.006 -16"><span class='ocrx_word' id='word_1_21' title='bbox 189 571 218 624; x_wconf 89' lang='lat' dir='ltr'>et</span> <span class='ocrx_word' id='word_1_22' title='bbox 233 562 410 625; x_wconf 90' lang='lat' dir='ltr'>cultioribus</span> <span class='ocrx_word' id='word_1_23' title='bbox 432 565 550 640; x_wconf 81' lang='lat' dir='ltr'><strong>capillis</strong></span> <span class='ocrx_word' id='word_1_24' title='bbox 573 563 728 639; x_wconf 86' lang='lat' dir='ltr'>offensus,</span> <span class='ocrx_word' id='word_1_25' title='bbox 749 572 876 639; x_wconf 81' lang='lat' dir='ltr'>rogante</span> <span class='ocrx_word' id='word_1_26' title='bbox 890 572 981 640; x_wconf 90' lang='lat' dir='ltr'>patre</span> <span class='ocrx_word' id='word_1_27' title='bbox 996 572 1034 627; x_wconf 89' lang='lat' dir='ltr'>ut</span> <span class='ocrx_word' id='word_1_28' title='bbox 1048 569 1173 630; x_wconf 81' lang='lat' dir='ltr'>salutem</span> 
     </span>
     <span class='ocr_line' id='line_1_5' title="bbox 189 647 1173 724; baseline 0.006 -16"><span class='ocrx_word' id='word_1_29' title='bbox 189 647 247 709; x_wconf 93' lang='lat' dir='ltr'>sibi</span> <span class='ocrx_word' id='word_1_30' title='bbox 269 648 323 707; x_wconf 86' lang='lat' dir='ltr'>filii</span> <span class='ocrx_word' id='word_1_31' title='bbox 338 648 535 720; x_wconf 71' lang='lat' dir='ltr'>concederet,</span> <span class='ocrx_word' id='word_1_32' title='bbox 558 649 647 720; x_wconf 87' lang='lat' dir='ltr'>quasi</span> <span class='ocrx_word' id='word_1_33' title='bbox 667 648 706 706; x_wconf 89' lang='lat' dir='ltr'>de</span> <span class='ocrx_word' id='word_1_34' title='bbox 727 647 879 723; x_wconf 89' lang='lat' dir='ltr'>supplicio</span> <span class='ocrx_word' id='word_1_35' title='bbox 901 648 1090 724; x_wconf 80' lang='lat' dir='ltr'>admonitus</span> <span class='ocrx_word' id='word_1_36' title='bbox 1111 651 1173 713; x_wconf 87' lang='lat' dir='ltr'>duci</span> 
     </span>
     <span class='ocr_line' id='line_1_6' title="bbox 190 730 1171 807; baseline 0.006 -16"><span class='ocrx_word' id='word_1_37' title='bbox 190 731 327 807; x_wconf 88' lang='lat' dir='ltr'>protinus</span> <span class='ocrx_word' id='word_1_38' title='bbox 341 731 439 793; x_wconf 91' lang='lat' dir='ltr'>iussit.</span> <span class='ocrx_word' id='word_1_39' title='bbox 468 747 506 790; x_wconf 90' lang='lat' dir='ltr'>ne</span> <span class='ocrx_word' id='word_1_40' title='bbox 521 739 620 791; x_wconf 88' lang='lat' dir='ltr'>tamen</span> <span class='ocrx_word' id='word_1_41' title='bbox 635 732 736 791; x_wconf 88' lang='lat' dir='ltr'>omnia</span> <span class='ocrx_word' id='word_1_42' title='bbox 749 730 913 792; x_wconf 81' lang='lat' dir='ltr'>inhumane</span> <span class='ocrx_word' id='word_1_43' title='bbox 929 734 1056 795; x_wconf 88' lang='lat' dir='ltr'>laceret</span> <span class='ocrx_word' id='word_1_44' title='bbox 1069 736 1171 797; x_wconf 80' lang='lat' dir='ltr'>adver</span> 
     </span>
     <span class='ocr_line' id='line_1_7' title="bbox 161 815 1171 891; baseline 0.006 -15"><span class='ocrx_word' id='word_1_45' title='bbox 161 832 257 887; x_wconf 70' lang='lat' dir='ltr'>osum</span> <span class='ocrx_word' id='word_1_46' title='bbox 272 823 402 891; x_wconf 91' lang='lat' dir='ltr'>patrem,</span> <span class='ocrx_word' id='word_1_47' title='bbox 425 815 465 875; x_wconf 92' lang='lat' dir='ltr'>ad</span> <span class='ocrx_word' id='word_1_48' title='bbox 480 830 608 875; x_wconf 86' lang='lat' dir='ltr'>coenam</span> <span class='ocrx_word' id='word_1_49' title='bbox 622 816 705 875; x_wconf 90' lang='lat' dir='ltr'>illum</span> <span class='ocrx_word' id='word_1_50' title='bbox 720 831 757 875; x_wconf 92' lang='lat' dir='ltr'>eo</span> <span class='ocrx_word' id='word_1_51' title='bbox 773 815 823 875; x_wconf 91' lang='lat' dir='ltr'>die</span> <span class='ocrx_word' id='word_1_52' title='bbox 840 815 990 876; x_wconf 84' lang='lat' dir='ltr'>invitavit</span> <span class='ocrx_word' id='word_1_53' title='bbox 1012 818 1115 881; x_wconf 88' lang='lat' dir='ltr'>Venit</span> <span class='ocrx_word' id='word_1_54' title='bbox 1126 820 1171 881; x_wconf 77' lang='lat' dir='ltr'>Pa</span> 
     </span>
     <span class='ocr_line' id='line_1_8' title="bbox 190 897 1170 974; baseline 0.005 -15"><span class='ocrx_word' id='word_1_55' title='bbox 190 907 254 961; x_wconf 91' lang='lat' dir='ltr'>stor</span> <span class='ocrx_word' id='word_1_56' title='bbox 269 902 353 960; x_wconf 91' lang='lat' dir='ltr'>voltu</span> <span class='ocrx_word' id='word_1_57' title='bbox 367 899 439 958; x_wconf 93' lang='lat' dir='ltr'>nihil</span> <span class='ocrx_word' id='word_1_58' title='bbox 454 900 667 974; x_wconf 84' lang='lat' dir='ltr'>exprobrante.</span> <span class='ocrx_word' id='word_1_59' title='bbox 696 899 869 974; x_wconf 85' lang='lat' dir='ltr'>propinavit</span> <span class='ocrx_word' id='word_1_60' title='bbox 888 897 931 959; x_wconf 94' lang='lat' dir='ltr'>illi</span> <span class='ocrx_word' id='word_1_61' title='bbox 946 899 1072 961; x_wconf 85' lang='lat' dir='ltr'>Caesar</span> <span class='ocrx_word' id='word_1_62' title='bbox 1087 902 1170 964; x_wconf 86' lang='lat' dir='ltr'>hemi·</span> 
     </span>
     <span class='ocr_line' id='line_1_9' title="bbox 191 981 1170 1059; baseline 0.005 -17"><span class='ocrx_word' id='word_1_63' title='bbox 191 990 305 1044; x_wconf 91' lang='lat' dir='ltr'>namet</span> <span class='ocrx_word' id='word_1_64' title='bbox 325 982 428 1056; x_wconf 90' lang='lat' dir='ltr'>posuit</span> <span class='ocrx_word' id='word_1_65' title='bbox 441 981 482 1042; x_wconf 92' lang='lat' dir='ltr'>illi</span> <span class='ocrx_word' id='word_1_66' title='bbox 498 982 666 1042; x_wconf 81' lang='lat' dir='ltr'>custodem.</span> <span class='ocrx_word' id='word_1_67' title='bbox 689 983 866 1058; x_wconf 89' lang='lat' dir='ltr'>perduravit</span> <span class='ocrx_word' id='word_1_68' title='bbox 879 982 989 1059; x_wconf 89' lang='lat' dir='ltr'>miser,</span> <span class='ocrx_word' id='word_1_69' title='bbox 1007 1001 1077 1047; x_wconf 93' lang='lat' dir='ltr'>non</span> <span class='ocrx_word' id='word_1_70' title='bbox 1092 988 1170 1049; x_wconf 86' lang='lat' dir='ltr'>aliter</span> 
     </span>
     <span class='ocr_line' id='line_1_10' title="bbox 191 1066 1170 1142; baseline 0.006 -16"><span class='ocrx_word' id='word_1_71' title='bbox 191 1068 328 1142; x_wconf 92' lang='lat' dir='ltr'>quamsi</span> <span class='ocrx_word' id='word_1_72' title='bbox 349 1066 402 1124; x_wconf 87' lang='lat' dir='ltr'>filii</span> <span class='ocrx_word' id='word_1_73' title='bbox 423 1067 600 1141; x_wconf 88' lang='lat' dir='ltr'>sanguinem</span> <span class='ocrx_word' id='word_1_74' title='bbox 620 1066 745 1127; x_wconf 90' lang='lat' dir='ltr'>biberet.</span> <span class='ocrx_word' id='word_1_75' title='bbox 779 1073 963 1141; x_wconf 80' lang='lat' dir='ltr'>unguentum</span> <span class='ocrx_word' id='word_1_76' title='bbox 988 1075 1021 1128; x_wconf 90' lang='lat' dir='ltr'>et</span> <span class='ocrx_word' id='word_1_77' title='bbox 1042 1084 1170 1131; x_wconf 80' lang='lat' dir='ltr'>coronat</span> 
     </span>
     <span class='ocr_line' id='line_1_11' title="bbox 190 1149 1169 1227; baseline 0.007 -18"><span class='ocrx_word' id='word_1_78' title='bbox 190 1149 272 1211; x_wconf 90' lang='lat' dir='ltr'>misit</span> <span class='ocrx_word' id='word_1_79' title='bbox 291 1157 321 1210; x_wconf 91' lang='lat' dir='ltr'>et</span> <span class='ocrx_word' id='word_1_80' title='bbox 342 1150 507 1210; x_wconf 87' lang='lat' dir='ltr'>observare</span> <span class='ocrx_word' id='word_1_81' title='bbox 528 1151 616 1210; x_wconf 90' lang='lat' dir='ltr'>iussit</span> <span class='ocrx_word' id='word_1_82' title='bbox 636 1167 673 1209; x_wconf 90' lang='lat' dir='ltr'>an</span> <span class='ocrx_word' id='word_1_83' title='bbox 695 1158 841 1211; x_wconf 76' lang='lat' dir='ltr'>sumereta</span> <span class='ocrx_word' id='word_1_84' title='bbox 863 1151 1006 1225; x_wconf 91' lang='lat' dir='ltr'>sumpsit.</span> <span class='ocrx_word' id='word_1_85' title='bbox 1048 1152 1100 1215; x_wconf 88' lang='lat' dir='ltr'>Eo</span> <span class='ocrx_word' id='word_1_86' title='bbox 1120 1156 1169 1227; x_wconf 85' lang='lat' dir='ltr'>die,</span> 
     </span>
     <span class='ocr_line' id='line_1_12' title="bbox 191 1233 1170 1310; baseline 0.006 -16"><span class='ocrx_word' id='word_1_87' title='bbox 191 1250 252 1310; x_wconf 89' lang='lat' dir='ltr'>quo</span> <span class='ocrx_word' id='word_1_88' title='bbox 276 1233 370 1293; x_wconf 88' lang='lat' dir='ltr'>lilium</span> <span class='ocrx_word' id='word_1_89' title='bbox 392 1235 555 1308; x_wconf 87' lang='lat' dir='ltr'>extulerat,</span> <span class='ocrx_word' id='word_1_90' title='bbox 582 1235 671 1295; x_wconf 91' lang='lat' dir='ltr'>immo</span> <span class='ocrx_word' id='word_1_91' title='bbox 695 1252 755 1308; x_wconf 91' lang='lat' dir='ltr'>quo</span> <span class='ocrx_word' id='word_1_92' title='bbox 776 1251 838 1295; x_wconf 93' lang='lat' dir='ltr'>non</span> <span class='ocrx_word' id='word_1_93' title='bbox 860 1234 1026 1309; x_wconf 86' lang='lat' dir='ltr'>extulerat,</span> <span class='ocrx_word' id='word_1_94' title='bbox 1057 1236 1170 1299; x_wconf 80' lang='lat' dir='ltr'>tacebat</span> 
     </span>
     <span class='ocr_line' id='line_1_13' title="bbox 191 1318 1170 1393; baseline 0.002 -14"><span class='ocrx_word' id='word_1_95' title='bbox 191 1318 321 1379; x_wconf 88' lang='lat' dir='ltr'>conviva</span> <span class='ocrx_word' id='word_1_96' title='bbox 344 1318 529 1378; x_wconf 91' lang='lat' dir='ltr'>centesimus</span> <span class='ocrx_word' id='word_1_97' title='bbox 551 1325 582 1378; x_wconf 88' lang='lat' dir='ltr'>et</span> <span class='ocrx_word' id='word_1_98' title='bbox 608 1320 749 1393; x_wconf 90' lang='lat' dir='ltr'>potiones</span> <span class='ocrx_word' id='word_1_99' title='bbox 777 1319 829 1378; x_wconf 91' lang='lat' dir='ltr'>vix</span> <span class='ocrx_word' id='word_1_100' title='bbox 848 1319 998 1379; x_wconf 83' lang='lat' dir='ltr'>honestas</span> <span class='ocrx_word' id='word_1_101' title='bbox 1021 1322 1170 1383; x_wconf 83' lang='lat' dir='ltr'>natalibu</span> 
     </span>
     <span class='ocr_line' id='line_1_14' title="bbox 192 1401 1168 1478; baseline 0.003 -18"><span class='ocrx_word' id='word_1_102' title='bbox 192 1403 353 1463; x_wconf 88' lang='lat' dir='ltr'>liberorum</span> <span class='ocrx_word' id='word_1_103' title='bbox 370 1402 557 1478; x_wconf 86' lang='lat' dir='ltr'>podagricus</span> <span class='ocrx_word' id='word_1_104' title='bbox 573 1417 669 1462; x_wconf 91' lang='lat' dir='ltr'>senex</span> <span class='ocrx_word' id='word_1_105' title='bbox 683 1402 857 1474; x_wconf 88' lang='lat' dir='ltr'>hauriebat,</span> <span class='ocrx_word' id='word_1_106' title='bbox 880 1417 949 1462; x_wconf 92' lang='lat' dir='ltr'>cum</span> <span class='ocrx_word' id='word_1_107' title='bbox 968 1401 1099 1466; x_wconf 88' lang='lat' dir='ltr'>interim</span> <span class='ocrx_word' id='word_1_108' title='bbox 1118 1420 1168 1467; x_wconf 88' lang='lat' dir='ltr'>non</span> 
     </span>
     <span class='ocr_line' id='line_1_15' title="bbox 190 1485 1209 1566; baseline 0.002 -19"><span class='ocrx_word' id='word_1_109' title='bbox 190 1488 345 1547; x_wconf 91' lang='lat' dir='ltr'>lacrimam</span> <span class='ocrx_word' id='word_1_110' title='bbox 359 1485 466 1558; x_wconf 92' lang='lat' dir='ltr'>emisit,</span> <span class='ocrx_word' id='word_1_111' title='bbox 482 1504 542 1547; x_wconf 91' lang='lat' dir='ltr'>non</span> <span class='ocrx_word' id='word_1_112' title='bbox 558 1487 693 1546; x_wconf 89' lang='lat' dir='ltr'>dolorem</span> <span class='ocrx_word' id='word_1_113' title='bbox 709 1486 811 1561; x_wconf 89' lang='lat' dir='ltr'>aliquo</span> <span class='ocrx_word' id='word_1_114' title='bbox 823 1487 911 1560; x_wconf 87' lang='lat' dir='ltr'>signo</span> <span class='ocrx_word' id='word_1_115' title='bbox 923 1500 1099 1562; x_wconf 90' lang='lat' dir='ltr'>erumpere</span> <span class='ocrx_word' id='word_1_116' title='bbox 1109 1504 1168 1566; x_wconf 80' lang='lat' dir='ltr'>pao</span> <span class='ocrx_word' id='word_1_117' title='bbox 1205 1498 1209 1505; x_wconf 86' lang='lat'>&#39;</span> 
     </span>
     <span class='ocr_line' id='line_1_16' title="bbox 191 1571 1168 1648; baseline 0.003 -17"><span class='ocrx_word' id='word_1_118' title='bbox 191 1588 245 1631; x_wconf 93' lang='lat' dir='ltr'>sus</span> <span class='ocrx_word' id='word_1_119' title='bbox 261 1577 317 1631; x_wconf 89' lang='lat' dir='ltr'>est.</span> <span class='ocrx_word' id='word_1_120' title='bbox 347 1571 488 1631; x_wconf 89' lang='lat' dir='ltr'>coenavit</span> <span class='ocrx_word' id='word_1_121' title='bbox 507 1578 660 1645; x_wconf 86' lang='lat' dir='ltr'>tamquam</span> <span class='ocrx_word' id='word_1_122' title='bbox 676 1585 732 1645; x_wconf 93' lang='lat' dir='ltr'>pro</span> <span class='ocrx_word' id='word_1_123' title='bbox 754 1571 816 1631; x_wconf 90' lang='lat' dir='ltr'>lilio</span> <span class='ocrx_word' id='word_1_124' title='bbox 836 1577 1009 1632; x_wconf 90' lang='lat' dir='ltr'>exorasset.</span> <span class='ocrx_word' id='word_1_125' title='bbox 1041 1573 1168 1648; x_wconf 82' lang='lat' dir='ltr'>quaeris,</span> 
     </span>
     <span class='ocr_line' id='line_1_17' title="bbox 163 1653 1167 1732; baseline 0 -17"><span class='ocrx_word' id='word_1_126' title='bbox 163 1662 309 1732; x_wconf 71' lang='lat' dir='ltr'>gquaret</span> <span class='ocrx_word' id='word_1_127' title='bbox 331 1654 463 1714; x_wconf 89' lang='lat' dir='ltr'>habebat</span> <span class='ocrx_word' id='word_1_128' title='bbox 478 1656 614 1715; x_wconf 91' lang='lat' dir='ltr'>alterum.</span> <span class='ocrx_word' id='word_1_129' title='bbox 649 1653 725 1726; x_wconf 84' lang='lat' dir='ltr'>Quid</span> <span class='ocrx_word' id='word_1_130' title='bbox 747 1654 796 1712; x_wconf 94' lang='lat' dir='ltr'>ille</span> <span class='ocrx_word' id='word_1_131' title='bbox 815 1653 974 1714; x_wconf 72' lang='lat' dir='ltr'>Priamus?</span> <span class='ocrx_word' id='word_1_132' title='bbox 996 1670 1065 1715; x_wconf 90' lang='lat' dir='ltr'>non</span> <span class='ocrx_word' id='word_1_133' title='bbox 1089 1655 1167 1718; x_wconf 80' lang='lat' dir='ltr'>dissi</span> 
     </span>
     <span class='ocr_line' id='line_1_18' title="bbox 192 1736 1168 1813; baseline 0.005 -15"><span class='ocrx_word' id='word_1_134' title='bbox 192 1739 344 1798; x_wconf 90' lang='lat' dir='ltr'>mulavit</span> <span class='ocrx_word' id='word_1_135' title='bbox 337 1753 411 1797; x_wconf 87' lang='lat' dir='ltr'>uam</span> <span class='ocrx_word' id='word_1_136' title='bbox 436 1745 466 1797; x_wconf 89' lang='lat' dir='ltr'>et</span> <span class='ocrx_word' id='word_1_137' title='bbox 486 1736 569 1813; x_wconf 91' lang='lat' dir='ltr'>regis</span> <span class='ocrx_word' id='word_1_138' title='bbox 597 1753 697 1813; x_wconf 89' lang='lat' dir='ltr'>genua</span> <span class='ocrx_word' id='word_1_139' title='bbox 717 1739 896 1812; x_wconf 90' lang='lat' dir='ltr'>complexus</span> <span class='ocrx_word' id='word_1_140' title='bbox 920 1743 992 1797; x_wconf 74' lang='lat' dir='ltr'>est?</span> <span class='ocrx_word' id='word_1_141' title='bbox 1019 1739 1168 1803; x_wconf 80' lang='lat' dir='ltr'>funestam</span> 
     </span>
     <span class='ocr_line' id='line_1_19' title="bbox 192 1821 1167 1898; baseline 0.006 -18"><span class='ocrx_word' id='word_1_142' title='bbox 192 1822 411 1897; x_wconf 79' lang='lat' dir='ltr'>perfusamque</span> <span class='ocrx_word' id='word_1_143' title='bbox 426 1837 536 1882; x_wconf 91' lang='lat' dir='ltr'>cruore</span> <span class='ocrx_word' id='word_1_144' title='bbox 547 1821 600 1881; x_wconf 88' lang='lat' dir='ltr'>lilii</span> <span class='ocrx_word' id='word_1_145' title='bbox 614 1838 736 1880; x_wconf 88' lang='lat' dir='ltr'>manum</span> <span class='ocrx_word' id='word_1_146' title='bbox 749 1822 789 1880; x_wconf 89' lang='lat' dir='ltr'>ad</span> <span class='ocrx_word' id='word_1_147' title='bbox 806 1838 841 1881; x_wconf 89' lang='lat' dir='ltr'>os</span> <span class='ocrx_word' id='word_1_148' title='bbox 857 1837 946 1881; x_wconf 91' lang='lat' dir='ltr'>suum</span> <span class='ocrx_word' id='word_1_149' title='bbox 966 1824 1094 1898; x_wconf 89' lang='lat' dir='ltr'>retulit,</span> <span class='ocrx_word' id='word_1_150' title='bbox 1109 1838 1167 1886; x_wconf 77' lang='lat' dir='ltr'>coe</span> 
     </span>
     <span class='ocr_line' id='line_1_20' title="bbox 192 1884 1208 1980; baseline 0 -17"><span class='ocrx_word' id='word_1_151' title='bbox 192 1904 293 1964; x_wconf 64' lang='lat' dir='ltr'>navit?</span> <span class='ocrx_word' id='word_1_152' title='bbox 313 1905 370 1964; x_wconf 90' lang='lat' dir='ltr'>sed</span> <span class='ocrx_word' id='word_1_153' title='bbox 390 1911 489 1964; x_wconf 89' lang='lat' dir='ltr'>tamen</span> <span class='ocrx_word' id='word_1_154' title='bbox 509 1905 576 1964; x_wconf 89' lang='lat' dir='ltr'>siue</span> <span class='ocrx_word' id='word_1_155' title='bbox 596 1914 765 1980; x_wconf 87' lang='lat' dir='ltr'>unguento,</span> <span class='ocrx_word' id='word_1_156' title='bbox 789 1905 855 1966; x_wconf 91' lang='lat' dir='ltr'>sine</span> <span class='ocrx_word' id='word_1_157' title='bbox 876 1905 1016 1979; x_wconf 79' lang='lat' dir='ltr'>coroniS,</span> <span class='ocrx_word' id='word_1_158' title='bbox 1042 1915 1078 1969; x_wconf 85' lang='lat' dir='ltr'>et</span> <span class='ocrx_word' id='word_1_159' title='bbox 1098 1909 1168 1969; x_wconf 84' lang='lat' dir='ltr'>lttun</span> <span class='ocrx_word' id='word_1_160' title='bbox 1203 1884 1208 1963; x_wconf 83' lang='lat' dir='ltr'>l</span> 
     </span>
     <span class='ocr_line' id='line_1_21' title="bbox 191 1985 1168 2066; baseline 0.002 -19"><span class='ocrx_word' id='word_1_161' title='bbox 191 1988 289 2048; x_wconf 86' lang='lat' dir='ltr'>hostis</span> <span class='ocrx_word' id='word_1_162' title='bbox 304 1985 506 2049; x_wconf 89' lang='lat' dir='ltr'>saevissimus</span> <span class='ocrx_word' id='word_1_163' title='bbox 520 1988 622 2048; x_wconf 90' lang='lat' dir='ltr'>multis</span> <span class='ocrx_word' id='word_1_164' title='bbox 637 1989 769 2063; x_wconf 90' lang='lat' dir='ltr'>solatiis,</span> <span class='ocrx_word' id='word_1_165' title='bbox 783 1996 817 2049; x_wconf 92' lang='lat' dir='ltr'>ut</span> <span class='ocrx_word' id='word_1_166' title='bbox 831 1988 931 2048; x_wconf 91' lang='lat' dir='ltr'>cibum</span> <span class='ocrx_word' id='word_1_167' title='bbox 944 1999 1095 2066; x_wconf 86' lang='lat' dir='ltr'>caperet,</span> <span class='ocrx_word' id='word_1_168' title='bbox 1111 1992 1168 2053; x_wconf 76' lang='lat' dir='ltr'>lior</span> 
     </span>
     <span class='ocr_line' id='line_1_22' title="bbox 191 2072 1169 2148; baseline 0.005 -18"><span class='ocrx_word' id='word_1_169' title='bbox 191 2080 272 2132; x_wconf 88' lang='lat' dir='ltr'>tatus</span> <span class='ocrx_word' id='word_1_170' title='bbox 288 2077 351 2144; x_wconf 87' lang='lat' dir='ltr'>est,</span> <span class='ocrx_word' id='word_1_171' title='bbox 373 2087 433 2130; x_wconf 94' lang='lat' dir='ltr'>non</span> <span class='ocrx_word' id='word_1_172' title='bbox 451 2080 483 2132; x_wconf 90' lang='lat' dir='ltr'>ut</span> <span class='ocrx_word' id='word_1_173' title='bbox 500 2072 611 2147; x_wconf 90' lang='lat' dir='ltr'>pocula</span> <span class='ocrx_word' id='word_1_174' title='bbox 632 2073 765 2146; x_wconf 86' lang='lat' dir='ltr'>ingentia</span> <span class='ocrx_word' id='word_1_175' title='bbox 780 2088 876 2148; x_wconf 91' lang='lat' dir='ltr'>super</span> <span class='ocrx_word' id='word_1_176' title='bbox 890 2079 982 2148; x_wconf 89' lang='lat' dir='ltr'>caput</span> <span class='ocrx_word' id='word_1_177' title='bbox 997 2073 1111 2148; x_wconf 90' lang='lat' dir='ltr'>posito</span> <span class='ocrx_word' id='word_1_178' title='bbox 1127 2090 1169 2135; x_wconf 89' lang='lat' dir='ltr'>cu·</span> 
     </span>
     <span class='ocr_line' id='line_1_23' title="bbox 162 2154 1170 2231; baseline 0.003 -16"><span class='ocrx_word' id='word_1_179' title='bbox 162 2156 283 2224; x_wconf 75' lang='lat' dir='ltr'>sstode</span> <span class='ocrx_word' id='word_1_180' title='bbox 298 2156 438 2215; x_wconf 90' lang='lat' dir='ltr'>siccaret.</span> <span class='ocrx_word' id='word_1_181' title='bbox 467 2155 714 2230; x_wconf 90' lang='lat' dir='ltr'>Contempsisses</span> <span class='ocrx_word' id='word_1_182' title='bbox 729 2158 897 2217; x_wconf 89' lang='lat' dir='ltr'>Romanum</span> <span class='ocrx_word' id='word_1_183' title='bbox 916 2163 1052 2231; x_wconf 89' lang='lat' dir='ltr'>patrem,</span> <span class='ocrx_word' id='word_1_184' title='bbox 1078 2158 1110 2221; x_wconf 86' lang='lat' dir='ltr'>si</span> <span class='ocrx_word' id='word_1_185' title='bbox 1122 2154 1170 2221; x_wconf 80' lang='lat' dir='ltr'>sibl</span> 
     </span>
     <span class='ocr_line' id='line_1_24' title="bbox 193 2239 1170 2315; baseline 0.004 -16"><span class='ocrx_word' id='word_1_186' title='bbox 193 2239 357 2300; x_wconf 85' lang='lat' dir='ltr'>timuisset:</span> <span class='ocrx_word' id='word_1_187' title='bbox 381 2255 462 2299; x_wconf 92' lang='lat' dir='ltr'>nunc</span> <span class='ocrx_word' id='word_1_188' title='bbox 482 2239 558 2301; x_wconf 91' lang='lat' dir='ltr'>iram</span> <span class='ocrx_word' id='word_1_189' title='bbox 582 2240 762 2315; x_wconf 90' lang='lat' dir='ltr'>conpescuit</span> <span class='ocrx_word' id='word_1_190' title='bbox 778 2242 886 2315; x_wconf 91' lang='lat' dir='ltr'>pietas.</span> <span class='ocrx_word' id='word_1_191' title='bbox 913 2241 1027 2315; x_wconf 92' lang='lat' dir='ltr'>dignus</span> <span class='ocrx_word' id='word_1_192' title='bbox 1051 2242 1113 2304; x_wconf 87' lang='lat' dir='ltr'>luit</span> <span class='ocrx_word' id='word_1_193' title='bbox 1132 2240 1170 2303; x_wconf 83' lang='lat' dir='ltr'>cd</span> 
     </span>
     <span class='ocr_line' id='line_1_25' title="bbox 192 2322 1170 2399; baseline 0.003 -17"><span class='ocrx_word' id='word_1_194' title='bbox 192 2324 379 2399; x_wconf 89' lang='lat' dir='ltr'>permitteret</span> <span class='ocrx_word' id='word_1_195' title='bbox 393 2339 411 2383; x_wconf 90' lang='lat' dir='ltr'>a</span> <span class='ocrx_word' id='word_1_196' title='bbox 427 2322 567 2385; x_wconf 90' lang='lat' dir='ltr'>convivio</span> <span class='ocrx_word' id='word_1_197' title='bbox 583 2326 623 2383; x_wconf 91' lang='lat' dir='ltr'>ad</span> <span class='ocrx_word' id='word_1_198' title='bbox 639 2340 713 2384; x_wconf 91' lang='lat' dir='ltr'>ossa</span> <span class='ocrx_word' id='word_1_199' title='bbox 727 2325 780 2384; x_wconf 87' lang='lat' dir='ltr'>lilii</span> <span class='ocrx_word' id='word_1_200' title='bbox 796 2324 926 2399; x_wconf 87' lang='lat' dir='ltr'>legenda</span> <span class='ocrx_word' id='word_1_201' title='bbox 940 2323 1122 2387; x_wconf 86' lang='lat' dir='ltr'>discedere.</span> <span class='ocrx_word' id='word_1_202' title='bbox 1139 2338 1170 2386; x_wconf 87' lang='lat' dir='ltr'>m</span> 
     </span>
     <span class='ocr_line' id='line_1_26' title="bbox 191 2406 1170 2483; baseline 0.002 -15"><span class='ocrx_word' id='word_1_203' title='bbox 191 2408 251 2470; x_wconf 91' lang='lat' dir='ltr'>hoc</span> <span class='ocrx_word' id='word_1_204' title='bbox 279 2406 401 2483; x_wconf 92' lang='lat' dir='ltr'>quidem</span> <span class='ocrx_word' id='word_1_205' title='bbox 426 2406 564 2483; x_wconf 89' lang='lat' dir='ltr'>permisit</span> <span class='ocrx_word' id='word_1_206' title='bbox 582 2408 732 2482; x_wconf 88' lang='lat' dir='ltr'>benignus</span> <span class='ocrx_word' id='word_1_207' title='bbox 761 2407 878 2468; x_wconf 87' lang='lat' dir='ltr'>interim</span> <span class='ocrx_word' id='word_1_208' title='bbox 899 2416 929 2469; x_wconf 95' lang='lat' dir='ltr'>et</span> <span class='ocrx_word' id='word_1_209' title='bbox 949 2407 1050 2468; x_wconf 89' lang='lat' dir='ltr'>comis</span> <span class='ocrx_word' id='word_1_210' title='bbox 1074 2412 1170 2473; x_wconf 83' lang='lat' dir='ltr'>adule</span> 
     </span>
     <span class='ocr_line' id='line_1_27' title="bbox 194 2492 1170 2567; baseline 0.005 -14"><span class='ocrx_word' id='word_1_211' title='bbox 194 2509 302 2553; x_wconf 82' lang='lat' dir='ltr'>scens:</span> <span class='ocrx_word' id='word_1_212' title='bbox 325 2492 589 2567; x_wconf 90' lang='lat' dir='ltr'>propinationibus</span> <span class='ocrx_word' id='word_1_213' title='bbox 605 2508 711 2552; x_wconf 90' lang='lat' dir='ltr'>senem</span> <span class='ocrx_word' id='word_1_214' title='bbox 727 2492 857 2566; x_wconf 89' lang='lat' dir='ltr'>crebris,</span> <span class='ocrx_word' id='word_1_215' title='bbox 880 2498 912 2552; x_wconf 94' lang='lat' dir='ltr'>ut</span> <span class='ocrx_word' id='word_1_216' title='bbox 927 2507 1002 2550; x_wconf 91' lang='lat' dir='ltr'>cura</span> <span class='ocrx_word' id='word_1_217' title='bbox 1020 2493 1170 2565; x_wconf 83' lang='lat' dir='ltr'>leniretur,</span> 
     </span>
     <span class='ocr_line' id='line_1_28' title="bbox 191 2575 1172 2655; baseline 0.001 -19"><span class='ocrx_word' id='word_1_218' title='bbox 191 2577 359 2637; x_wconf 91' lang='lat' dir='ltr'>admonens</span> <span class='ocrx_word' id='word_1_219' title='bbox 372 2577 552 2637; x_wconf 87' lang='lat' dir='ltr'>lacessebat.</span> <span class='ocrx_word' id='word_1_220' title='bbox 565 2584 669 2636; x_wconf 86' lang='lat' dir='ltr'>conua</span> <span class='ocrx_word' id='word_1_221' title='bbox 680 2577 729 2635; x_wconf 91' lang='lat' dir='ltr'>ille</span> <span class='ocrx_word' id='word_1_222' title='bbox 742 2592 776 2635; x_wconf 90' lang='lat' dir='ltr'>se</span> <span class='ocrx_word' id='word_1_223' title='bbox 788 2578 898 2636; x_wconf 89' lang='lat' dir='ltr'>laetum</span> <span class='ocrx_word' id='word_1_224' title='bbox 909 2583 940 2635; x_wconf 93' lang='lat' dir='ltr'>et</span> <span class='ocrx_word' id='word_1_225' title='bbox 952 2575 1096 2653; x_wconf 91' lang='lat' dir='ltr'>oblitum,</span> <span class='ocrx_word' id='word_1_226' title='bbox 1108 2575 1172 2655; x_wconf 87' lang='lat' dir='ltr'>quii</span> 
     </span>
     <span class='ocr_line' id='line_1_29' title="bbox 192 2658 1171 2736; baseline 0.005 -17"><span class='ocrx_word' id='word_1_227' title='bbox 192 2676 230 2721; x_wconf 92' lang='lat' dir='ltr'>eo</span> <span class='ocrx_word' id='word_1_228' title='bbox 246 2667 347 2720; x_wconf 92' lang='lat' dir='ltr'>actum</span> <span class='ocrx_word' id='word_1_229' title='bbox 361 2668 446 2721; x_wconf 91' lang='lat' dir='ltr'>esset</span> <span class='ocrx_word' id='word_1_230' title='bbox 460 2661 519 2733; x_wconf 90' lang='lat' dir='ltr'>die,</span> <span class='ocrx_word' id='word_1_231' title='bbox 535 2661 692 2736; x_wconf 91' lang='lat' dir='ltr'>praestitit.</span> <span class='ocrx_word' id='word_1_232' title='bbox 715 2660 849 2719; x_wconf 88' lang='lat' dir='ltr'>Perierat</span> <span class='ocrx_word' id='word_1_233' title='bbox 862 2659 937 2719; x_wconf 92' lang='lat' dir='ltr'>alter</span> <span class='ocrx_word' id='word_1_234' title='bbox 951 2658 1045 2734; x_wconf 86' lang='lat' dir='ltr'>filius,</span> <span class='ocrx_word' id='word_1_235' title='bbox 1069 2664 1100 2723; x_wconf 87' lang='lat' dir='ltr'>si</span> <span class='ocrx_word' id='word_1_236' title='bbox 1115 2676 1171 2723; x_wconf 80' lang='lat' dir='ltr'>car</span> 
     </span>
     <span class='ocr_line' id='line_1_30' title="bbox 193 2743 1213 2819; baseline 0.005 -19"><span class='ocrx_word' id='word_1_237' title='bbox 193 2743 274 2802; x_wconf 90' lang='lat' dir='ltr'>nilici</span> <span class='ocrx_word' id='word_1_238' title='bbox 290 2745 419 2804; x_wconf 88' lang='lat' dir='ltr'>conviva</span> <span class='ocrx_word' id='word_1_239' title='bbox 434 2761 494 2805; x_wconf 93' lang='lat' dir='ltr'>non</span> <span class='ocrx_word' id='word_1_240' title='bbox 513 2746 688 2819; x_wconf 89' lang='lat' dir='ltr'>placuisset.</span> <span class='ocrx_word' id='word_1_241' title='bbox 1210 2746 1213 2751; x_wconf 86' lang='lat'>&#39;</span> 
     </span>
     <span class='ocr_line' id='line_1_31' title="bbox 164 2825 1175 2905; baseline 0.004 -20"><span class='ocrx_word' id='word_1_242' title='bbox 164 2825 178 2876; x_wconf 94' lang='lat' dir='ltr'>l</span> <span class='ocrx_word' id='word_1_243' title='bbox 253 2826 386 2886; x_wconf 84' lang='lat' dir='ltr'>XXXIV.</span> <span class='ocrx_word' id='word_1_244' title='bbox 413 2828 494 2902; x_wconf 84' lang='lat' dir='ltr'>Ergo</span> <span class='ocrx_word' id='word_1_245' title='bbox 514 2829 559 2889; x_wconf 90' lang='lat' dir='ltr'>ira</span> <span class='ocrx_word' id='word_1_246' title='bbox 582 2828 794 2888; x_wconf 89' lang='lat' dir='ltr'>abstinendum</span> <span class='ocrx_word' id='word_1_247' title='bbox 813 2833 876 2900; x_wconf 89' lang='lat' dir='ltr'>est,</span> <span class='ocrx_word' id='word_1_248' title='bbox 898 2827 964 2887; x_wconf 89' lang='lat' dir='ltr'>sive</span> <span class='ocrx_word' id='word_1_249' title='bbox 982 2843 1040 2902; x_wconf 90' lang='lat' dir='ltr'>par</span> <span class='ocrx_word' id='word_1_250' title='bbox 1056 2837 1112 2891; x_wconf 88' lang='lat' dir='ltr'>est</span> <span class='ocrx_word' id='word_1_251' title='bbox 1129 2826 1175 2905; x_wconf 89' lang='lat' dir='ltr'>qul</span> 
     </span>
     <span class='ocr_line' id='line_1_32' title="bbox 193 2910 1174 2990; baseline 0.005 -21"><span class='ocrx_word' id='word_1_252' title='bbox 193 2910 393 2971; x_wconf 89' lang='lat' dir='ltr'>lacessendus</span> <span class='ocrx_word' id='word_1_253' title='bbox 420 2918 468 2972; x_wconf 90' lang='lat' dir='ltr'>est</span> <span class='ocrx_word' id='word_1_254' title='bbox 488 2913 555 2973; x_wconf 91' lang='lat' dir='ltr'>sive</span> <span class='ocrx_word' id='word_1_255' title='bbox 580 2913 722 2988; x_wconf 92' lang='lat' dir='ltr'>superior</span> <span class='ocrx_word' id='word_1_256' title='bbox 745 2911 812 2971; x_wconf 91' lang='lat' dir='ltr'>sive</span> <span class='ocrx_word' id='word_1_257' title='bbox 833 2910 966 2970; x_wconf 85' lang='lat' dir='ltr'>interior.</span> <span class='ocrx_word' id='word_1_258' title='bbox 1000 2926 1077 2973; x_wconf 88' lang='lat' dir='ltr'>curn</span> <span class='ocrx_word' id='word_1_259' title='bbox 1108 2924 1174 2990; x_wconf 82' lang='lat' dir='ltr'>pert</span> 
     </span>
     <span class='ocr_line' id='line_1_33' title="bbox 193 2994 1174 3073; baseline 0.004 -21"><span class='ocrx_word' id='word_1_260' title='bbox 193 2994 380 3056; x_wconf 88' lang='lat' dir='ltr'>contendere</span> <span class='ocrx_word' id='word_1_261' title='bbox 405 3010 521 3070; x_wconf 85' lang='lat' dir='ltr'>anceps</span> <span class='ocrx_word' id='word_1_262' title='bbox 543 3003 605 3070; x_wconf 89' lang='lat' dir='ltr'>est,</span> <span class='ocrx_word' id='word_1_263' title='bbox 633 3012 702 3056; x_wconf 91' lang='lat' dir='ltr'>cum</span> <span class='ocrx_word' id='word_1_264' title='bbox 723 2995 883 3070; x_wconf 91' lang='lat' dir='ltr'>superiore</span> <span class='ocrx_word' id='word_1_265' title='bbox 911 2994 1083 3073; x_wconf 81' lang='lat' dir='ltr'>furiosum,</span> <span class='ocrx_word' id='word_1_266' title='bbox 1110 3010 1174 3059; x_wconf 85' lang='lat' dir='ltr'>cun</span> 
     </span>
     <span class='ocr_line' id='line_1_34' title="bbox 192 3076 1174 3156; baseline 0.005 -20"><span class='ocrx_word' id='word_1_267' title='bbox 192 3076 529 3139; x_wconf 79' lang='lat' dir='ltr'>interioresordidum.</span> <span class='ocrx_word' id='word_1_268' title='bbox 575 3081 675 3156; x_wconf 92' lang='lat' dir='ltr'>pusilli</span> <span class='ocrx_word' id='word_1_269' title='bbox 703 3078 834 3141; x_wconf 90' lang='lat' dir='ltr'>hominis</span> <span class='ocrx_word' id='word_1_270' title='bbox 862 3085 965 3139; x_wconf 88' lang='lat' dir='ltr'>estet</span> <span class='ocrx_word' id='word_1_271' title='bbox 994 3079 1109 3143; x_wconf 86' lang='lat' dir='ltr'>miseri</span> <span class='ocrx_word' id='word_1_272' title='bbox 1134 3096 1174 3141; x_wconf 78' lang='lat' dir='ltr'>re</span> 
     </span>
     <span class='ocr_line' id='line_1_35' title="bbox 194 3161 1174 3239; baseline 0.004 -18"><span class='ocrx_word' id='word_1_273' title='bbox 194 3170 298 3236; x_wconf 88' lang='lat' dir='ltr'>petere</span> <span class='ocrx_word' id='word_1_274' title='bbox 320 3163 519 3224; x_wconf 91' lang='lat' dir='ltr'>mordentem.</span> <span class='ocrx_word' id='word_1_275' title='bbox 555 3179 657 3225; x_wconf 89' lang='lat' dir='ltr'>mures</span> <span class='ocrx_word' id='word_1_276' title='bbox 679 3163 900 3239; x_wconf 89' lang='lat' dir='ltr'>lormicaequa,</span> <span class='ocrx_word' id='word_1_277' title='bbox 927 3161 954 3222; x_wconf 92' lang='lat' dir='ltr'>si</span> <span class='ocrx_word' id='word_1_278' title='bbox 976 3179 1107 3226; x_wconf 90' lang='lat' dir='ltr'>manum</span> <span class='ocrx_word' id='word_1_279' title='bbox 1128 3164 1174 3227; x_wconf 86' lang='lat' dir='ltr'>ad·</span> 
     </span>
     <span class='ocr_line' id='line_1_36' title="bbox 194 3244 1174 3323; baseline 0.002 -18"><span class='ocrx_word' id='word_1_280' title='bbox 194 3245 343 3320; x_wconf 90' lang='lat' dir='ltr'>moveris,</span> <span class='ocrx_word' id='word_1_281' title='bbox 365 3263 419 3307; x_wconf 90' lang='lat' dir='ltr'>ora</span> <span class='ocrx_word' id='word_1_282' title='bbox 439 3254 632 3318; x_wconf 90' lang='lat' dir='ltr'>convertunt,</span> <span class='ocrx_word' id='word_1_283' title='bbox 661 3247 813 3307; x_wconf 89' lang='lat' dir='ltr'>inbecillia</span> <span class='ocrx_word' id='word_1_284' title='bbox 835 3262 870 3306; x_wconf 89' lang='lat' dir='ltr'>se</span> <span class='ocrx_word' id='word_1_285' title='bbox 889 3244 969 3306; x_wconf 89' lang='lat' dir='ltr'>laedi</span> <span class='ocrx_word' id='word_1_286' title='bbox 994 3255 1124 3323; x_wconf 85' lang='lat' dir='ltr'>putant,</span> <span class='ocrx_word' id='word_1_287' title='bbox 1151 3244 1174 3307; x_wconf 87' lang='lat' dir='ltr'>si</span> 
     </span>
     <span class='ocr_line' id='line_1_37' title="bbox 164 3329 1175 3407; baseline 0.003 -19"><span class='ocrx_word' id='word_1_288' title='bbox 164 3333 363 3403; x_wconf 73' lang='lat' dir='ltr'>itanguntur.</span> <span class='ocrx_word' id='word_1_289' title='bbox 384 3330 487 3392; x_wconf 84' lang='lat' dir='ltr'>Faciet</span> <span class='ocrx_word' id='word_1_290' title='bbox 499 3347 556 3391; x_wconf 93' lang='lat' dir='ltr'>nos</span> <span class='ocrx_word' id='word_1_291' title='bbox 569 3331 713 3401; x_wconf 91' lang='lat' dir='ltr'>mitiores,</span> <span class='ocrx_word' id='word_1_292' title='bbox 730 3331 757 3390; x_wconf 92' lang='lat' dir='ltr'>si</span> <span class='ocrx_word' id='word_1_293' title='bbox 769 3329 1015 3404; x_wconf 82' lang='lat' dir='ltr'>cogitaverimus,</span> <span class='ocrx_word' id='word_1_294' title='bbox 1031 3333 1114 3407; x_wconf 90' lang='lat' dir='ltr'>quid</span> <span class='ocrx_word' id='word_1_295' title='bbox 1126 3329 1175 3395; x_wconf 84' lang='lat' dir='ltr'>ut·</span> 
     </span>
     <span class='ocr_line' id='line_1_38' title="bbox 193 3413 1175 3490; baseline 0.004 -19"><span class='ocrx_word' id='word_1_296' title='bbox 193 3413 317 3489; x_wconf 92' lang='lat' dir='ltr'>quando</span> <span class='ocrx_word' id='word_1_297' title='bbox 338 3413 427 3475; x_wconf 91' lang='lat' dir='ltr'>nobis</span> <span class='ocrx_word' id='word_1_298' title='bbox 449 3415 597 3490; x_wconf 78' lang='lat' dir='ltr'>profuerit</span> <span class='ocrx_word' id='word_1_299' title='bbox 617 3414 666 3473; x_wconf 92' lang='lat' dir='ltr'>ille</span> <span class='ocrx_word' id='word_1_300' title='bbox 687 3413 735 3473; x_wconf 92' lang='lat' dir='ltr'>cui</span> <span class='ocrx_word' id='word_1_301' title='bbox 754 3414 925 3488; x_wconf 89' lang='lat' dir='ltr'>irascimur,</span> <span class='ocrx_word' id='word_1_302' title='bbox 946 3420 977 3473; x_wconf 86' lang='lat' dir='ltr'>et</span> <span class='ocrx_word' id='word_1_303' title='bbox 997 3415 1120 3479; x_wconf 84' lang='lat' dir='ltr'>meritis</span> <span class='ocrx_word' id='word_1_304' title='bbox 1135 3414 1175 3478; x_wconf 87' lang='lat' dir='ltr'>ol·</span> 
     </span>
     <span class='ocr_line' id='line_1_39' title="bbox 192 3497 1175 3574; baseline 0.003 -16"><span class='ocrx_word' id='word_1_305' title='bbox 192 3497 281 3558; x_wconf 80' lang='lat' dir='ltr'>tensa</span> <span class='ocrx_word' id='word_1_306' title='bbox 301 3499 475 3560; x_wconf 87' lang='lat' dir='ltr'>redimetur.</span> <span class='ocrx_word' id='word_1_307' title='bbox 510 3499 585 3558; x_wconf 93' lang='lat' dir='ltr'>lllud</span> <span class='ocrx_word' id='word_1_308' title='bbox 602 3513 726 3574; x_wconf 87' lang='lat' dir='ltr'>quoque</span> <span class='ocrx_word' id='word_1_309' title='bbox 742 3505 899 3573; x_wconf 90' lang='lat' dir='ltr'>occurrat,</span> <span class='ocrx_word' id='word_1_310' title='bbox 923 3504 1073 3573; x_wconf 90' lang='lat' dir='ltr'>quantum</span> <span class='ocrx_word' id='word_1_311' title='bbox 1088 3498 1175 3563; x_wconf 83' lang='lat' dir='ltr'>nobit</span> 
     </span>
    </p>
   </div>
   <div class='ocr_carea' id='block_1_3' title="bbox 0 0 1224 3968">
    <p class='ocr_par' dir='ltr' id='par_1_3' title="bbox 0 0 1224 3968">
     <span class='ocr_line' id='line_1_40' title="bbox 0 0 1224 3968; baseline 0 2"><span class='ocrx_word' id='word_1_312' title='bbox 0 0 1224 3968; x_wconf 95' lang='lat' dir='ltr'> </span> 
     </span>
    </p>
   </div>
  </div>
 </body>
</html>
