2438 3968
186 272 247 335 150
361 274 393 334 n.
417 274 563 334 annam
584 274 758 335 snnacxu
779 275 882 336 oran.
900 229 965 334 ru.

185 428 246 503 plio
262 428 330 502 ipsa
349 425 485 488 excitans
500 425 640 500 animum,
664 443 741 502 quae
764 427 862 488 statim
878 429 1155 503 [porotosostendol

150 518 168 573 4
183 514 226 573 od
238 513 391 591 abiciendo
406 528 472 572 cum
487 513 600 587 quibos]
616 517 764 572 venerunt
779 511 857 570 vitia.
881 511 1027 586 Quisquis
1043 513 1084 572 ad
1095 511 1153 572 vir·

184 602 275 656 tutem
297 595 441 667 accessit,
470 595 553 656 dedit
572 611 740 669 generosae
765 595 876 655 indolis
903 595 1067 670 specimn.
1103 596 1153 670 qui

183 680 366 754 voluptatem
383 677 528 754 sequitur,
545 680 663 739 videtur
674 680 804 751 enervis,
821 681 944 752 tractus,
960 679 1152 754 degenerans

184 765 261 836 [vir],
278 768 480 839 perventurus
495 763 525 821 in
541 760 648 836 turpia,
665 761 722 822 nisi
737 762 846 837 aliquis
858 763 1030 824 distinxerit
1044 763 1086 822 illi
1100 779 1152 823 vo·

183 848 323 922 luptates,
341 853 372 906 ut
386 846 471 918 sciat,
492 862 571 921 quae
587 862 624 905 ex
645 847 690 905 eis
713 845 789 904 intra
810 847 945 908 naturale
965 847 1152 908 desiderium

184 929 339 1000 desistant,
357 945 434 1003 quae
446 944 595 1004 praeceps
606 931 741 990 ferantur
754 929 950 1005 infinitaeque
961 930 1023 989 sint
1038 939 1076 1004 et,
1093 948 1152 1007 quo

152 1015 278 1088 imagis
299 1015 457 1087 inplentur,
479 1029 515 1071 eo
534 1013 630 1088 magis
645 1012 854 1087 inexplebiles.
883 1013 1034 1088 Agedum,
1059 1015 1153 1075 virtus

182 1098 358 1157 antecedat:
375 1103 468 1156 tutum
485 1096 540 1155 erit
555 1112 644 1156 omne
661 1098 831 1171 vestigium.
854 1097 893 1156 Et
905 1099 1049 1174 voluptas
1065 1107 1154 1159 nocet

182 1179 286 1240 nimia:
310 1181 338 1239 in
356 1179 463 1240 virtute
479 1196 538 1240 non
561 1187 608 1240 est
621 1181 797 1255 verendum,
818 1182 946 1256 nequid
962 1180 1088 1243 nimium
1105 1182 1151 1256 sit,

184 1265 254 1340 quia
266 1265 293 1323 in
307 1264 375 1339 ipsa
386 1270 433 1324 est
443 1265 561 1323 modus.
583 1280 643 1324 non
655 1272 703 1325 est
712 1263 834 1338 bonum,
853 1265 936 1340 quod
947 1265 1153 1341 magnitudine

183 1349 299 1408 laborat
319 1365 383 1407 sua.
418 1347 637 1407 Rationabilem
661 1364 750 1423 {torro
773 1349 887 1410 sortitis
910 1357 1049 1410 naturam
1075 1367 1154 1424 quae

182 1431 289 1492 melius
305 1449 355 1492 res
369 1448 458 1506 quam
472 1429 548 1491 ratio
564 1431 764 1506 proponitur?
791 1441 821 1493 et
835 1433 872 1510 [si
888 1433 988 1508 placet
1008 1433 1068 1494 ista
1089 1435 1153 1495 iun-

183 1523 289 1589 ctura]
306 1515 332 1576 si
348 1517 407 1576 hoc
423 1517 522 1591 placet
536 1517 575 1574 ad
590 1517 709 1576 beatam
725 1519 814 1576 vitam
829 1517 873 1577 ire
888 1517 1041 1591 comitatu,
1056 1517 1153 1578 virtus

184 1601 349 1670 antecedat,
373 1599 530 1661 comitetur
550 1601 690 1675 voluptas
712 1607 740 1659 et
757 1600 837 1660 circa
858 1616 972 1676 corpus
993 1609 1025 1660 ut
1046 1602 1153 1664 umbra

183 1690 335 1743 versetur:
357 1684 497 1743 virtulem
519 1683 650 1758 quidem,
674 1684 914 1744 excelsissimam
935 1685 1079 1760 omnium,
1099 1703 1153 1746 vo-

183 1767 287 1840 luptati
304 1767 422 1827 tradere
435 1765 573 1827 ancillam
584 1767 656 1827 nihil
667 1783 808 1842 magnum
819 1768 919 1829 animo
932 1768 1081 1844 capientis
1097 1778 1153 1831 est.

153 1849 167 1900 1
234 1849 311 1908 XIV.
334 1850 432 1909 Prima
443 1851 538 1911 virtus
549 1854 594 1925 sit,
610 1853 684 1911 haec
700 1853 775 1911 leral
789 1852 891 1927 signa:
914 1852 1094 1914 habebimus
1111 1856 1153 1913 ni-

182 1932 344 1993 hilominus
367 1936 560 2009 voluptatem,
583 1936 639 1995 sed
659 1935 772 1994 domini
794 1935 860 1996 eius
881 1943 911 1996 et
932 1943 1154 2010 temperatores

118 2030 120 2035 ’
182 2015 304 2077 erimus.
318 2017 496 2091 aliquidnos
504 2019 649 2089 exorabit,
667 2019 736 2078 nihil
747 2026 843 2094 coget.
862 2017 934 2091 atei,
946 2020 997 2095 qui
1005 2022 1153 2096 voluptati

183 2101 333 2161 tradidere
348 2099 504 2176 principia,
520 2111 648 2177 utroque
661 2118 798 2163 caruere:
822 2103 959 2164 virtulem
976 2104 1057 2163 enim
1069 2105 1153 2166 amit·

183 2192 255 2245 lunt.
277 2193 407 2246 ceterum
421 2202 480 2246 non
497 2186 556 2260 ipsi
568 2188 759 2261 voluptatem,
775 2187 831 2246 sed
846 2187 933 2261 ipsos
946 2188 1089 2264 voluptas
1101 2190 1154 2249 ha-

181 2269 240 2342 bet,
267 2271 353 2330 cuius
367 2277 419 2330 aut
432 2270 534 2346 inopia
544 2278 727 2347 *torquentur
741 2278 792 2330 aut
807 2272 897 2346 copia
916 2274 1152 2348 strangulantur,

182 2354 293 2427 miseri,
310 2356 336 2414 si
348 2354 530 2416 deseruntur
542 2356 579 2414 ab
591 2355 649 2427 illa,
664 2354 847 2430 miseriores,
863 2356 889 2415 si
901 2356 1077 2431 obruuntur,
1093 2357 1153 2418 sie·

182 2444 214 2496 ut
239 2436 381 2512 deprensi
409 2438 484 2498 mari
506 2439 625 2516 Syrtico
654 2439 745 2499 modo
772 2439 800 2498 ln
828 2439 911 2499 sicco
932 2438 1153 2517 relinquuntur,

149 2527 168 2581 2
182 2522 273 2582 modo
289 2529 420 2583 torrente
435 2524 517 2582 unda
532 2522 723 2584 fluctuantur.
752 2522 861 2582 Evenit
875 2531 975 2584 autem
989 2524 1049 2585 hoc
1064 2526 1154 2586 nimia

182 2604 411 2678 intemperantia
425 2613 454 2667 et
472 2623 575 2667 amore
592 2607 766 2666 caecaerei.
796 2624 865 2666 nam
886 2610 965 2667 mala
986 2625 1041 2684 pro
1064 2609 1153 2669 bonis

182 2689 294 2762 petenti
310 2691 515 2763 periculosum
529 2699 576 2751 est
590 2689 728 2765 adsequi.
754 2691 793 2751 Ul
807 2692 888 2751 ieras
902 2706 971 2751 cum
983 2693 1088 2754 labore
1101 2708 1152 2768 pe-

181 2769 338 2847 riculoque
352 2789 498 2833 venamur
519 2784 549 2834 et
570 2780 725 2848 captarum
740 2791 864 2850 quoque
886 2775 1003 2836 illarum
1023 2776 1154 2837 sollicita

182 2857 341 2929 possessio
358 2865 412 2930 est,
435 2873 530 2932 saepe
544 2857 622 2917 enim
637 2857 751 2919 laniant
765 2859 921 2920 dominos=
944 2859 984 2919 ila
1005 2859 1152 2922 habentes

181 2955 309 3012 magnas
324 2943 496 3015 voluptates
513 2941 542 3000 in
558 2957 700 3015 magnum
717 2942 827 3002 malum
843 2958 970 3004 evasere
982 2952 1154 3020 captaeque

183 3038 302 3098 cepere.
327 3040 405 3098 quae
422 3041 483 3101 quo
505 3027 607 3100 plures
623 3024 816 3101 maioresque
831 3034 908 3100 sunt,
933 3042 969 3087 eo
989 3028 1040 3087 ille
1054 3027 1153 3089 minor

182 3121 218 3165 ac
244 3106 371 3181 plurium
399 3124 507 3169 servus
530 3116 592 3182 est,
620 3124 709 3182 quem
735 3109 852 3170 felicem
876 3113 986 3185 vulgus
1009 3112 1152 3189 adpellat.

146 3194 165 3249 3
181 3189 361 3250 Permanere
369 3192 476 3253 libetin
489 3192 547 3252 hac
557 3191 824 3255 etiamnunclruius
835 3193 879 3253 rei
887 3194 1025 3269 imagine.
1049 3212 1151 3270 quem·

181 3273 343 3334 admodum
360 3275 411 3349 qul
426 3277 590 3337 bestiarum
605 3276 714 3336 cubilia
728 3275 850 3351 indagat
864 3284 894 3337 et

499 3365 602 3435 laqueo
615 3369 739 3436 captore
749 3362 837 3434 feros

182 3455 293 3515 magno
312 3440 450 3502 aestimat
464 3453 493 3503 et

405 3529 479 3586 lotos
492 3529 613 3588 crinibus
625 3530 813 3590 circumdare
825 3532 926 3600 saltur,
