2438 3968
220 225 321 286 nint.
342 225 393 286 IV.
422 226 473 288 DE
496 228 564 289 IRA
584 228 656 289 LIB.
680 229 716 288 ΙΙ.
742 239 876 295 25-28.
995 229 1034 300 71

58 376 117 438 illis
141 378 222 438 mitis
249 384 279 438 et
306 377 428 453 placida
454 385 517 451 est,
545 384 606 438 tam
627 380 718 454 longe
741 389 857 441 remota
878 381 917 441 ab
938 382 1036 443 aliena

57 460 168 524 iniuria
190 477 280 535 quarn
304 476 323 520 a
346 477 412 522 sua.
449 460 611 521 Dementes
633 461 736 537 itaqua
758 470 788 521 et
810 463 905 538 ignari
926 465 1065 527 verita-a

58 548 97 606 tis
114 545 173 606 illis
190 544 328 620 inputant
345 542 502 605 saevitiam
521 543 623 620 maris,
640 545 811 606 inmodicos
828 547 949 623 imbres,
967 565 1035 625 per-

59 628 199 690 tinaciam
224 628 348 700 hiemis,
380 643 447 688 curn
472 628 590 688 interim
612 629 684 689 nihil
714 629 821 689 horum
846 648 924 706 quae
947 632 1035 693 nobis

57 719 172 773 nocent
194 720 393 788 prosuntque,
416 712 456 772 ad
474 729 532 772 nos
549 714 674 788 proprie
690 713 844 787 dirigatur.
878 731 938 774 non
957 717 1035 775 enirn

58 813 118 858 nos
133 795 351 857 causamundo
370 812 478 857 sumus
493 794 622 857 hiemem
640 803 847 872 aestatemque
867 797 1034 857 referendi:

59 896 134 941 suas
156 880 213 941 ista
236 882 320 955 leges
342 878 455 940 habeut
477 879 587 953 quibus
610 878 711 940 diviua
729 887 916 940 exercentur.
946 882 1035 942 nimis

59 981 118 1025 nos
140 962 342 1039 suspicimus,
373 963 399 1023 si
423 962 505 1038 digni
533 963 622 1023 nobis
649 964 787 1024 videmur
809 973 932 1040 propter
956 981 1034 1039 quos

59 1055 143 1109 tanta
164 1053 352 1108 moveantur.
390 1045 464 1107 nihil
482 1061 556 1123 ergo
573 1046 679 1106 horum
697 1048 727 1106 in
745 1057 877 1109 nostram
896 1048 1034 1109 iniuriam

59 1133 110 1204 lit,
133 1131 224 1194 immo
247 1139 353 1192 contra
373 1130 446 1190 nihil
467 1146 527 1191 non
549 1132 587 1191 ad
610 1132 747 1192 salutern.
792 1132 946 1207 Quaedam
965 1137 1064 1193 esset

59 1216 192 1275 diximus
212 1231 291 1289 quae
310 1229 422 1274 nocere
439 1230 499 1274 non
519 1213 648 1290 possint,
667 1215 817 1291 quaedam
836 1231 915 1291 quae
929 1216 1033 1276 nolint.

58 1300 91 1358 ln
113 1298 150 1359 iis
169 1305 257 1359 erunt
279 1299 350 1359 boni
367 1298 561 1372 magistratus
580 1306 784 1373 parentesque
802 1307 832 1358 et
855 1307 1033 1373 praecepto·

57 1399 110 1442 res
138 1391 169 1442 et
196 1380 331 1455 iudices,
368 1398 496 1456 quorum
524 1381 682 1456 castigatio
710 1381 756 1442 sic
782 1381 961 1457 accipienda
988 1390 1035 1442 est

59 1465 215 1541 quomodo
239 1466 417 1542 scalpellum
443 1473 473 1524 et
494 1463 677 1525 abstinentia
698 1472 727 1525 et
749 1466 807 1524 alia
828 1481 907 1540 quae
933 1466 1033 1539 prolu-

58 1558 127 1611 tnra
142 1557 294 1625 torquent.
316 1548 436 1608 Adiecti
453 1564 559 1609 sumus
577 1564 692 1622 poena=
715 1555 874 1609 succurrat
892 1564 953 1608 non
971 1549 1063 1609 tan-4

59 1643 122 1693 tum
150 1633 223 1707 quid
253 1631 416 1707 patiamur,
445 1632 501 1691 sed
528 1631 600 1707 quid
619 1630 794 1705 fecerimus,
824 1632 854 1692 in
877 1630 1035 1692 consilium

59 1717 98 1776 de
120 1716 183 1776 vita
204 1725 308 1776 nostra
329 1715 494 1775 mittamur:
518 1716 544 1775 si
565 1715 657 1776 modo
680 1731 786 1776 verum
804 1714 864 1790 ipsi
884 1715 973 1775 uobis
991 1716 1033 1775 di·

60 1814 130 1860 cere
152 1798 353 1871 voluerimus,
376 1799 472 1872 pluris
493 1799 573 1858 litem
595 1806 729 1858 nostram
750 1797 985 1860 aestimabimus.

121 1883 255 1944 XXVlll.
287 1882 320 1943 Si
344 1884 483 1943 volumus
512 1886 601 1957 aequi
629 1899 729 1943 rerum
758 1883 888 1942 omniurn
917 1881 1061 1942 iudicesl

60 1982 145 2040 esse,
176 1965 236 2028 hoc
264 1966 391 2041 primum
414 1967 502 2026 nobis
525 1967 781 2041 persuadeamus,
808 1966 956 2026 nemiuem
980 1980 1034 2025 no·

59 2059 154 2110 strum
183 2065 255 2110 esse
283 2050 350 2110 sine
377 2052 478 2125 culpa.
515 2049 585 2110 hinc
612 2049 690 2110 enirn
715 2049 847 2110 maxima
868 2047 1034 2124 indignatio

58 2133 164 2195 oritur.
186 2132 290 2207 „llihil
307 2131 460 2209 peccavi“
482 2141 511 2192 et
530 2133 630 2208 „nihil
651 2133 739 2194 leci.“
760 2133 852 2194 Immo
870 2131 943 2193 nihil
960 2134 1034 2192 late·

57 2217 111 2278 ris.
135 2217 329 2293 Indignamur
351 2217 454 2292 aliqua
475 2216 681 2279 admonitione
701 2225 753 2278 aut
773 2215 956 2278 coercitione
977 2232 1034 2276 nos

58 2301 239 2376 castigatos,
262 2317 330 2362 cum
352 2301 403 2360 lllo
425 2300 493 2377 ipso
511 2308 649 2375 tempore
666 2314 843 2375 peccemus,
868 2299 951 2376 quod
971 2299 1034 2358 adi·

59 2385 156 2444 cimus
173 2385 340 2457 malefactis
359 2383 566 2460 adrogantiam
585 2392 615 2444 et
636 2385 865 2445 contumaciam.
898 2381 971 2457 Quis
988 2387 1063 2442 esta

59 2467 119 2527 iste
146 2468 197 2542 qui
221 2483 256 2527 se
283 2467 440 2543 profitetur
462 2469 601 2529 omnibns
622 2468 740 2543 legibus
762 2467 978 2528 innocentem?
1003 2472 1036 2526 ut

58 2551 120 2611 hoc
141 2550 182 2612 ita
203 2551 257 2625 sit,
282 2566 373 2626 quam
395 2559 524 2626 angusta
545 2551 718 2614 innocentia
740 2559 787 2613 est
807 2551 846 2611 ad
865 2552 962 2624 legem
981 2546 1035 2608 bo·

58 2652 131 2696 num
159 2641 251 2696 osset
278 2641 389 2710 quanto
417 2635 508 2696 latius
535 2636 705 2697 officiorum
732 2640 815 2710 patet
842 2648 933 2710 quam
961 2631 1035 2692 iuris

57 2719 189 2793 regula?
214 2734 306 2793 qnam
328 2718 421 2779 multa
442 2718 554 2794 pietas,
583 2716 770 2793 humanitas,
788 2718 967 2788 liberalitas,
990 2715 1035 2776 iu·

58 2802 149 2873 stitia,
172 2801 252 2862 fides
270 2801 404 2876 exigunt,
424 2817 504 2877 qnae
524 2802 626 2863 omnia
648 2810 734 2863 extra
754 2801 892 2876 publicas
915 2799 1035 2861 tabulas

57 2891 153 2947 sunt?
184 2883 247 2945 Sed
267 2901 306 2945 ne
325 2885 365 2944 ad
387 2885 468 2944 illam
491 2884 612 2960 quidem
637 2885 817 2947 artissimam
845 2883 1065 2947 innocentiaeb

57 2968 219 3031 formulam
246 2974 404 3045 praestare
430 2984 488 3030 nos
511 2983 691 3043 pessumum
720 2969 778 3028 alia
805 2968 946 3040 lecimus,
977 2965 1036 3027 alia

58 3050 277 3128 cogitavimus,
306 3053 364 3113 alia
386 3053 574 3127 optavimus,
601 3052 669 3112 aliis
692 3052 836 3126 lavimus,
857 3050 888 3111 in
910 3047 1034 3125 quibas·

57 3137 130 3198 dam
151 3135 329 3198 innocentes
352 3151 473 3209 sumus,
496 3133 652 3211 quianon
673 3136 831 3197 successit.
865 3135 932 3194 Hoc
953 3132 1063 3206 cogi-4

56 3229 158 3282 tantas
177 3219 339 3296 aequiores
358 3217 454 3280 simus
471 3219 732 3294 delinquentibus,
755 3219 914 3279 credamus
932 3215 1033 3277 obiur-

56 3304 215 3380 gantibus=
237 3304 341 3380 utique
363 3303 452 3364 nobis
469 3319 508 3364 ue
524 3303 705 3377 irascamur,
727 3303 789 3377 (cui
810 3301 890 3362 enim
908 3317 984 3373 uon,
1007 3299 1033 3359 si

56 3388 148 3448 nobis
168 3392 326 3463 quoquet)
343 3387 464 3448 minime
481 3388 538 3447 dis.
560 3403 621 3448 uon
639 3386 719 3448 enim
735 3384 868 3459 illorum,
891 3384 948 3446 sad
965 3384 1033 3458 lege

55 3470 245 3533 mortalitatis
257 3470 388 3547 patimur
398 3470 543 3547 quicquid
556 3470 737 3530 incommodi
749 3469 866 3530 accidit.
884 3470 925 3529 At
935 3467 1030 3528 morbi
