2438 3968
269 240 370 300 DIAL.
392 240 430 298 V.
476 239 527 299 DE
547 240 614 298 IRA
633 239 704 299 LlB.
725 238 774 298 ΙΙΙ.
797 247 915 301 14-17.
1033 237 1074 303 93

103 393 239 468 iugulum
254 399 346 464 tuum,
369 398 470 466 guttur
486 399 578 464 tuum,
594 406 647 450 cor
663 398 766 450 tuumt
786 391 899 466 effugia
920 393 1074 454 servitutis

104 485 184 538 sunt.
213 476 302 535 nimis
318 474 370 535 tibi
386 490 537 550 operosos
558 475 657 534 exitus
672 481 809 535 monstro
825 482 854 534 et
868 477 990 537 multum
1011 478 1075 537 ani·

103 563 144 621 mi
160 576 197 620 ac
211 560 331 619 roboris
348 558 526 632 exigentes?
554 559 675 633 quaeris
692 559 776 633 quod
798 560 837 619 sit
851 559 890 619 ad
908 559 1075 622 libertatem

106 647 185 704 iteri
204 642 357 719 quaelibet
371 643 402 702 in
418 657 548 717 corpore
561 649 613 702 tuo
629 659 717 702 vena.

168 727 247 787 XVI.
269 726 418 800 Quamdiu
431 727 552 800 quidem
566 726 640 785 nihil
654 733 713 785 tam
729 726 917 787 intolerabile
928 728 1017 788 nobis
1032 730 1074 788 vi·
1091 746 1107 798 1

105 813 202 883 detur,
224 819 257 871 ut
272 827 329 870 nos
344 810 476 885 expellat
490 826 507 869 e
522 809 592 881 vita,
608 810 692 884 iram,
708 809 737 869 in
753 825 948 885 quocumque
963 812 1075 873 erimus

105 904 195 968 statu,
217 910 445 955 removeamus:
473 893 646 968 perniciosa
667 903 715 955 est
735 894 947 954 servientibus.
977 894 1075 955 omnis

105 983 185 1040 enim
206 978 370 1053 indignatio
395 978 425 1037 in
446 984 626 1039 tormentum
648 995 738 1039 suum
759 978 880 1053 proficit
900 986 931 1038 et
950 979 1076 1054 imperia

102 1064 245 1139 graviora
258 1063 348 1121 sentit
362 1078 423 1137 quo
436 1063 642 1122 contumacius
658 1063 777 1137 patitur.
802 1061 853 1123 Sic
868 1063 996 1137 laqueos
1012 1064 1076 1123 iera

104 1149 176 1208 dum
192 1147 291 1219 iactat,
314 1146 481 1220 adstringit.
504 1146 550 1205 sic
565 1161 638 1206 aves
653 1147 780 1218 viscum,
802 1147 872 1206 dum
888 1147 1075 1223 trepidantes

106 1231 274 1302 excutiunt,
296 1229 406 1304 plumis
428 1229 568 1290 omnibus
589 1231 725 1291 inlinunt.
759 1230 877 1290 Nullum
899 1239 959 1291 tam
979 1239 1075 1291 artum

105 1324 153 1376 est
168 1316 271 1390 iugum
288 1314 371 1388 quod
387 1331 447 1374 non
459 1315 558 1375 minus
578 1315 678 1375 laedat
696 1315 857 1375 ducentem
879 1332 970 1389 quam
985 1330 1075 1389 repu-

106 1408 258 1476 gnantem.
278 1413 370 1456 unum
386 1405 433 1457 est
445 1400 648 1459 levamentum
663 1399 810 1458 malorum
825 1398 998 1471 ingentium,
1013 1398 1075 1473 pati

104 1492 136 1544 et
154 1480 389 1542 necessitatibus
411 1481 476 1540 suis
498 1482 638 1555 obsequi.
681 1480 743 1540 Sed
764 1497 830 1540 cum
851 1481 933 1540 utilis
954 1481 994 1541 sit
1012 1498 1108 1554 ser-q

105 1566 257 1627 vientibus
273 1565 443 1624 adfectuum
459 1580 585 1624 suorum
599 1573 628 1624 et
640 1565 731 1624 huius
742 1564 906 1639 praecipue
920 1565 1017 1624 rabidi
1033 1574 1075 1626 at-

107 1666 167 1726 que
184 1648 290 1708 effreni
307 1647 498 1720 continentia,
514 1648 613 1709 utilior
628 1656 675 1708 est
689 1649 827 1723 regibus:
844 1649 998 1723 perierunt
1012 1647 1075 1710 om'·

106 1736 167 1807 nia,
189 1733 241 1791 nbi
262 1740 406 1807 quantum
427 1733 472 1791 ira
496 1732 619 1806 suadet,
641 1735 761 1793 fortuna
782 1732 932 1806 permittit,
954 1749 1010 1793 nec
1025 1734 1074 1792 diu

107 1824 210 1894 potest
224 1831 303 1891 quae
317 1817 477 1876 multorum
490 1817 569 1875 malo
584 1824 743 1876 exercetur
756 1815 891 1890 potentia
907 1823 996 1878 stare.
1022 1833 1075 1892 pe-

106 1902 251 1961 riclitatur
266 1900 354 1973 enim,
369 1900 420 1960 ubi
438 1900 559 1974 eosqui
575 1900 738 1975 separatim
752 1908 883 1974 gemunt
908 1901 1075 1961 communis

106 1994 205 2046 metus
229 1984 334 2043 iunxit.
370 1985 536 2059 plerosque
556 1984 657 2058 itaque
679 1985 770 2042 modo
793 1985 904 2059 singuli
925 1992 1074 2046 mactave-

105 2076 182 2141 runt,
201 2069 293 2129 modo
305 2068 449 2142 universi,
472 2084 539 2128 cum
554 2069 623 2130 illos
639 2069 777 2129 conterre
793 2068 822 2127 in
837 2084 931 2129 unum
944 2069 1005 2129 iras
1021 2086 1074 2144 pu-

106 2156 204 2214 blicus
221 2153 309 2213 dolor
324 2153 485 2226 coegisset.
511 2153 604 2227 Atqui
620 2152 756 2227 plerique
774 2153 818 2212 sic
832 2153 907 2211 iram
926 2153 1015 2229 quasi
1031 2153 1108 2216 inb

106 2239 193 2312 signe
208 2237 323 2312 regium
338 2244 548 2309 exercuerunt,
570 2238 648 2296 sieut
661 2237 787 2306 Dareus,
805 2235 857 2310 qui
874 2235 990 2311 primus
1005 2241 1077 2310 post

107 2321 239 2380 ablatum
251 2336 339 2394 mago
354 2321 512 2395 imperium
523 2321 634 2380 Persas
650 2328 681 2379 et
692 2335 832 2394 magnam
848 2328 964 2394 partem
977 2320 1076 2380 orien-

106 2405 145 2463 tis
161 2403 297 2463 obtinuit.
327 2420 396 2463 nam
408 2420 475 2463 cum
490 2405 602 2464 bellum
613 2404 736 2481 Scythis
752 2403 915 2464 indixisset
931 2403 1076 2464 orientem

107 2487 306 2562 cingentibus,
322 2497 447 2561 rogatus
462 2488 500 2547 ab
513 2486 654 2549 Oeobazo
671 2486 764 2546 nobili
781 2503 864 2559 sene,
881 2495 913 2547 ut
927 2502 965 2546 ex
980 2487 1076 2546 tribus

107 2571 210 2631 liberis
224 2586 317 2631 unum
332 2571 362 2629 in
380 2571 521 2630 solatium
536 2572 613 2646 patri
629 2571 822 2646 relinqueret,
837 2572 965 2631 duorum
982 2585 1077 2646 opera

106 2662 249 2725 uteretur,
273 2655 342 2730 plus
359 2671 448 2728 quam
462 2654 626 2729 rogabatur
640 2655 791 2730 pollicitus
808 2654 905 2715 omnis
921 2670 955 2714 se
976 2655 1017 2714 illi
1032 2654 1076 2712 di-

106 2739 150 2799 xit
164 2736 364 2798 remissurum
386 2745 415 2797 et
429 2737 550 2798 occisos
569 2740 599 2798 in
621 2745 789 2813 conspectu
807 2739 941 2814 parentis
957 2739 1075 2812 abiecit,

106 2822 239 2882 crudelis
254 2823 381 2895 iuturus,
399 2823 425 2882 si
441 2821 539 2881 omnis
554 2823 742 2883 abduxisset.
776 2823 818 2882 At
832 2830 944 2898 quanto
958 2822 1078 2884 Xerxes
1091 2831 1110 2886 4

106 2906 246 2966 laciliort
281 2906 331 2981 qui
347 2906 455 2984 Pythio
478 2906 612 2981 quinque
632 2907 762 2966 liliorum
777 2906 856 2982 patri
875 2907 965 2965 unius
985 2921 1077 2966 vaca·

105 2992 349 3064 tionempetenti‚
367 3005 456 3064 quem
468 2991 559 3050 vellet
572 2990 836 3065 eligerepermisit.
861 2990 1077 3064 Deindequem

106 3077 248 3148 elegerat,
264 3074 293 3132 in
309 3082 412 3148 partes
424 3075 501 3133 duas
516 3074 692 3135 distractum
704 3075 742 3133 ab
755 3082 886 3148 utroque
900 3073 967 3133 viae
982 3073 1077 3134 latere

105 3158 209 3233 posuit
231 3165 260 3217 et
275 3158 333 3217 hac
349 3159 468 3217 victima
484 3157 623 3219 lustravit
642 3158 817 3217 exercitum.
849 3157 961 3217 Habuit
974 3158 1076 3233 itaque

107 3257 198 3317 quem
220 3241 323 3301 debuit
348 3241 476 3302 exitum:
511 3243 610 3302 victus
633 3250 661 3302 et
681 3244 739 3301 late
758 3242 911 3318 longeque
931 3243 1019 3303 lusus
1040 3257 1077 3302 ac

106 3333 230 3386 stratam
245 3325 358 3402 ubique
379 3327 497 3386 ruinam
511 3343 597 3386 suam
620 3342 748 3386 cernens
762 3326 881 3407 medius
902 3326 980 3387 inter
1004 3343 1075 3388 suo·

107 3426 172 3470 rum
188 3410 339 3470 cadavera
353 3409 487 3471 incessit.

167 3494 259 3552 XVll.
281 3495 364 3554 Haec
379 3493 518 3555 barbaris
534 3494 658 3569 regibus
678 3494 781 3554 ieritas
795 3495 823 3554 in
839 3493 884 3553 ira
899 3495 969 3554 fuit:
997 3508 1077 3569 quos
1093 3503 1105 3554 1
