2438 3968
354 421 389 502 l.
415 417 555 502 illini
586 419 757 504 semble

233 555 605 656 bllboeolttlll
635 558 804 652 uincit
832 559 882 652 Χ.

389 757 445 808 nu
479 757 722 810 rnunrnuu

365 877 408 942 llll
425 875 616 942 Bnbllrlrt
635 875 746 942 illle.

128 1129 150 1186 1.
169 1127 290 1188 Maior
305 1145 397 1204 pars
413 1130 645 1202 mortalium,
660 1129 802 1201 Pauline,
816 1129 863 1188 de
877 1138 1066 1196 naturael

64 1212 310 1286 malignitate
345 1213 615 1288 conqueritur,
652 1214 754 1290 quod
790 1212 826 1272 in
856 1213 1037 1290 exiguum

64 1297 149 1355 aevi
169 1297 375 1371 gignimur,
398 1299 484 1373 quod
503 1298 580 1358 haec
594 1306 654 1358 tarn
669 1296 830 1370 velociter,
855 1304 915 1357 tam
929 1299 1037 1374 rapide

64 1381 126 1439 dati
147 1381 236 1440 nobis
258 1382 406 1457 temporis
427 1384 527 1457 spatia
548 1381 726 1455 decurrant,
752 1381 832 1441 adeo
847 1388 880 1441 ut
899 1385 1036 1458 exceptis

63 1465 227 1524 admodum
250 1466 357 1540 paucis
379 1473 498 1528 ceteros
518 1464 632 1540 inipso
650 1467 892 1540 vilaeadparatu
907 1466 969 1527 vita
984 1467 1035 1526 de-

10 1572 11 1576 *
63 1548 176 1609 stituat.
208 1565 265 1609 nec
279 1549 350 1610 huic
365 1550 503 1625 publico,
524 1556 558 1608 ut
572 1551 749 1624 opinantur,
772 1551 852 1608 malo
868 1550 957 1610 turba
971 1558 1035 1611 tan·

62 1641 126 1692 tum
140 1638 170 1691 et
184 1633 337 1708 inpudens
352 1634 461 1708 volgus
475 1634 630 1708 ingemuit
652 1637 802 1694 clarorum
819 1650 943 1709 quoque
954 1636 1034 1695 viro·

61 1733 129 1775 rum
146 1716 196 1775 hic
210 1718 349 1778 adlectus
362 1720 504 1792 querelas
516 1718 669 1778 evocavit:
685 1718 756 1778 inde
770 1719 821 1779 illa
835 1719 957 1778 maximi
972 1735 1032 1778 me-

62 1802 199 1862 dicorum
224 1801 404 1862 exclamatio
426 1809 489 1863 est:
515 1803 633 1876 „vitam
653 1803 778 1862 brevem
799 1817 885 1876 esse,
912 1803 1032 1878 longam

62 1891 167 1945 artem.
177 1892 195 1918 “
216 1887 289 1945 inde
304 1886 478 1948 Aristotelis
495 1903 678 1946 cumrerum
693 1894 799 1947 natura
814 1887 968 1961 exigentis
980 1888 1062 1947 mie

62 1971 142 2029 nime
162 1972 348 2031 conveniens
372 1970 503 2046 sapienti
526 1971 590 2031 viro
606 1972 643 2031 lis
658 1979 714 2030 est.
747 1972 802 2032 ait=
817 1975 955 2031 iniustam
969 1973 1027 2031 ani-

63 2055 191 2116 malibus
206 2062 321 2117 tantum
336 2056 511 2130 indulsisse,
527 2062 560 2115 ut
574 2057 666 2131 quina
681 2064 733 2115 aut
747 2056 827 2115 dena
841 2056 946 2115 secula
958 2056 1031 2115 edu·

60 2139 203 2216 [ceJrente
218 2139 331 2201 bomini
345 2139 376 2199 in
392 2146 452 2200 tam
468 2139 561 2200 multa
575 2156 611 2199 ac
626 2156 736 2214 magna
751 2139 852 2214 genito
864 2145 947 2198 tanto
960 2139 1030 2199 cite-

60 2222 171 2283 riorem
195 2226 356 2284 terminum
381 2229 493 2284 stare.“
532 2224 610 2284 Non
638 2223 820 2298 exiguum
845 2223 1062 2297 temporis3

59 2307 264 2381 habemus,
287 2309 357 2368 sed
382 2309 536 2367 multum
561 2307 816 2383 perdidimus.
849 2308 1032 2382 satislonga

59 2391 120 2450 vita
135 2391 209 2451 etin
224 2393 423 2452 maximarum
437 2407 539 2451 rerum
557 2391 847 2451 conSummationem
862 2392 945 2464 large
961 2391 1032 2451 data

60 2483 121 2548 est,
137 2473 164 2533 si
180 2482 244 2535 tota
258 2476 335 2534 bene
350 2478 571 2536 conlocaretur.
599 2475 657 2535 sed
671 2474 722 2535 ubi
738 2489 793 2548 per
808 2476 912 2535 luxum
926 2488 963 2534 ac
978 2489 1030 2534 ne-

58 2559 240 2635 glegentiam
257 2558 381 2633 dillluit,
402 2560 454 2620 ubi
470 2560 570 2619 nullae
583 2559 684 2619 bonae
699 2559 744 2618 rei
757 2557 947 2633 inpenditur,
962 2558 1029 2618 ulti·

59 2659 108 2702 ma
134 2643 254 2702 demum
275 2642 459 2703 necessitate
473 2650 617 2717 cogente,
642 2659 733 2717 quam
748 2642 791 2700 ire
806 2657 866 2701 non
882 2641 1027 2701 intellexi·

58 2744 142 2802 mus,
157 2727 306 2787 transisse
321 2725 478 2787 sentimus.
501 2728 545 2787 lta
561 2735 622 2801 est,
638 2743 699 2787 non
714 2726 890 2799 accepimus
904 2727 1058 2786 breveml

59 2813 165 2885 vitam,
182 2812 237 2871 sed
252 2811 395 2884 lecimus,
410 2826 468 2870 nec
481 2810 591 2886 inopes
606 2812 686 2881 eius,
708 2810 765 2871 sed
779 2810 898 2884 prodigi
910 2826 1026 2871 sumus.

58 2895 142 2970 Sicut
155 2896 275 2970 amplae
290 2904 320 2955 et
333 2895 436 2970 regiae
451 2910 528 2969 opes
542 2894 594 2955 ubi
608 2894 648 2954 ad
664 2896 775 2954 malum
792 2893 946 2955 dominum
958 2910 1026 2969 per-

57 2980 220 3051 venerunt,
247 2988 400 3040 momento
421 2977 623 3054 dissipantur,
648 2988 678 3039 at
691 2979 829 3054 quamvis
847 2978 1027 3038 modicaesi

10 3128 13 3135 ,
56 3066 138 3124 bono
155 3063 275 3125 custodi
293 3064 422 3124 traditae
438 3071 517 3135 sunt,
534 3079 591 3122 usu
606 3071 761 3122 crescunt:
774 3061 815 3122 ita
825 3069 909 3122 aetas
921 3068 1026 3122 nostra

57 3150 135 3209 bene
150 3148 325 3224 disponenti
339 3149 465 3208 multum
480 3154 572 3222 patet.

119 3234 155 3292 11.
188 3233 266 3308 Quid
287 3234 325 3293 de
345 3248 447 3293 rerum
462 3237 568 3290 natura
583 3230 756 3305 querimur?
780 3229 880 3290 illese
895 3228 1052 3305 benigne}

55 3318 159 3392 gessit.
183 3318 258 3390 vita,
274 3319 300 3378 si
315 3318 358 3378 uti
373 3317 471 3390 scias,
486 3317 578 3389 longa
593 3320 648 3374 est.
670 3315 772 3374 Alium
787 3312 965 3374 insatiabilis
979 3321 1023 3374 te

56 3411 106 3461 net
128 3402 273 3476 avaritia,
306 3402 396 3461 alium
424 3400 455 3460 in
482 3396 683 3474 supervacuis
708 3398 864 3459 laboribus
889 3414 1023 3473 operosa

53 3487 210 3546 sedulitas.
244 3487 321 3547 alius
343 3486 416 3546 vino
437 3486 546 3544 madet.
582 3481 658 3542 alius
679 3481 786 3542 inertia
801 3489 908 3558 torpet.
931 3482 1022 3541 alium
