2438 3968
133 231 173 295 10
187 234 289 296 DlAL.
297 233 320 295 1.
332 233 464 309 QUARE
472 234 619 310 ALIQUA
632 233 864 296 inconcione
874 233 989 295 BONIS
998 235 1109 296 VIRIS

130 386 224 447 tiliam
239 381 288 446 sui
301 383 521 459 experimento.
546 382 618 458 quid
633 383 765 459 quisque
778 391 887 458 posset
898 383 956 445 nisi
967 390 1121 459 temptan-

131 471 173 531 do
194 485 255 530 nen
277 467 391 531 didicit.
424 467 528 542 itaque
543 467 669 542 quidam
689 466 751 542 ipsi
772 468 849 528 ultro
871 483 906 529 se
921 468 1122 529 cessantibus

131 552 220 614 malis
235 552 409 614 obtulerunt
423 558 455 614 et
466 551 565 611 virtuti
581 551 678 611 iturae
691 551 722 610 in
737 551 905 612 obscurum
919 552 1122 612 occasionem

102 654 187 714 sper
203 651 295 712 quam
312 637 495 697 enitesceret
508 633 716 710 quaesierunt.
740 635 889 709 Gaudent,
904 636 1038 711 inquam,
1054 653 1121 696 nra·

131 722 181 797 gni
199 721 254 781 viri
269 720 434 795 aliquando
449 719 543 779 rebus
558 718 712 792 adversis,
734 735 795 779 non
811 720 899 779 aliter
914 735 1006 795 quam
1020 720 1121 780 fortes

131 806 244 866 milites
263 804 373 872 bellis;
391 802 586 878 Triumphum
606 818 666 877 ego
686 803 907 865 murmillonem
923 804 986 884 sub,
994 803 1121 864 Tiberio

132 890 264 950 Caesare
289 888 328 948 de
354 888 476 948 raritate
502 902 661 947 munerum
682 887 784 946 audivi
809 893 1002 961 querentem:
1027 904 1121 962 qaam

130 975 221 1047 betta,
238 972 345 1047 inquit,
360 979 442 1032 aetas
457 968 557 1046 peril!
577 971 679 1031 Avida
692 977 739 1031 est
754 971 881 1046 periculi
896 972 992 1031 virtus
1008 980 1038 1031 et
1053 988 1120 1046 quo

129 1058 242 1131 tendat,
259 1072 320 1116 non
336 1056 410 1131 quid
425 1071 556 1129 passura
571 1054 610 1115 sit
624 1055 751 1130 cogitau
768 1056 911 1130 quoniam
925 1056 1016 1115 etiarn
1032 1071 1121 1130 quoa

131 1157 265 1217 passura
291 1147 352 1214 est,
382 1139 499 1214 gloriae
519 1155 592 1213 pars
614 1145 671 1200 est.
704 1139 851 1201 militares
869 1140 926 1199 viri
948 1138 1119 1213 gloriantur

130 1224 322 1295 volneribus,
343 1222 415 1283 laeti
434 1221 578 1283 fluentem
593 1221 709 1283 meliori
724 1238 801 1284 casu
816 1223 995 1298 sanguinem
1012 1230 1118 1284 osten-

131 1315 204 1369 tant.
236 1307 315 1368 idem
337 1307 409 1368 licet
429 1305 554 1367 iecerint
569 1305 622 1381 qui
642 1307 751 1381 integri
765 1314 958 1368 revertuntur
978 1323 1017 1366 ex
1038 1306 1119 1380 acie,

101 1393 229 1469 tmesis
249 1398 407 1469 spectetur
428 1391 480 1467 qui
502 1391 626 1451 saucius
641 1391 728 1451 redit.
756 1391 856 1466 ipsis,
873 1391 1013 1466 inquam,
1036 1390 1118 1453 deus

132 1475 279 1551 consulit,
299 1493 378 1552 quos
398 1491 470 1536 esse
491 1492 582 1551 quarn
598 1475 834 1536 honestissimos
851 1476 949 1551 cupit,
972 1474 1118 1550 quotiens

131 1562 192 1623 illis
206 1559 359 1623 materiam
377 1560 505 1637 praebet
518 1558 633 1634 aliquid
648 1559 787 1621 animose
807 1559 985 1635 fortiterque
1002 1558 1118 1619 lacien-

133 1645 179 1720 di,
201 1645 241 1705 ad
263 1660 354 1721 quam
374 1661 436 1705 rem
454 1661 534 1720 opus
551 1651 598 1704 est
612 1644 717 1718 aliqua
729 1661 834 1705 rerum
848 1643 1040 1706 difficultate
1061 1659 1118 1717 gu·

131 1729 324 1790 bemalorcm
338 1729 368 1790 in
382 1735 571 1803 tempestate,
587 1729 616 1789 in
632 1729 698 1789 acie
710 1729 833 1789 militem
846 1727 1016 1801 intellegas.
1033 1727 1118 1788 unde

133 1827 259 1887 possum
276 1812 371 1885 scire,
394 1821 539 1887 quantum
554 1813 707 1872 adversus
719 1818 929 1887 paupertatem
949 1811 1003 1871 tibi
1023 1811 1119 1873 animi

132 1896 185 1968 sit,
208 1896 234 1956 si
250 1895 364 1955 divitiis
378 1895 516 1956 diiiluist
540 1897 623 1956 unde
639 1912 768 1970 possum
783 1896 879 1971 scire,
901 1902 1046 1971 quantum
1062 1895 1115 1955 ad-

132 1993 243 2039 versus
260 1978 456 2054 ignominiam
478 1987 507 2040 et
527 1979 681 2039 infamiam
697 1980 863 2055 odiumque
877 1980 1029 2056 populare
1042 1995 1116 2040 con·

132 2064 262 2123 stantiae
280 2063 412 2136 habeas,
436 2064 462 2124 si
484 2063 561 2122 inter
579 2064 706 2138 plausus
720 2064 876 2138 senescis,
896 2064 925 2124 si
937 2071 967 2124 te
983 2063 1116 2138 inexpu—

131 2146 262 2222 gnabilis
288 2154 319 2207 et
343 2146 538 2207 inclinatione
566 2148 698 2221 quadam
719 2147 867 2208 mentium
887 2164 1004 2222 pronus
1025 2148 1116 2207 lavor

133 2231 292 2307 sequitant
312 2230 396 2290 unde
417 2231 497 2304 scio,
521 2247 612 2306 quarn
632 2247 735 2307 acque
756 2231 856 2292 animo
872 2234 989 2293 laturus
1005 2231 1050 2291 sis
1066 2247 1116 2291 or·

133 2314 271 2389 bitatem,
289 2315 316 2375 si
332 2329 545 2391 quoscumque
561 2315 726 2390 sustulisti,
741 2316 852 2376 vides?
867 2315 970 2375 audivi
984 2322 1029 2388 te,
1045 2331 1116 2376 cum

132 2399 211 2461 allos
225 2399 445 2461 consolareris:
466 2405 537 2459 tunc
553 2401 802 2474 conspexissem,
824 2400 851 2459 si
867 2405 898 2459 te
916 2398 985 2475 ipse
1002 2415 1114 2460 conso-

102 2484 211 2545 ciatus
226 2499 331 2557 essee,
356 2483 382 2544 sl
403 2483 515 2558 teipsa
530 2482 813 2545 dolerevetuisses.
844 2483 958 2557 Nolite,
980 2483 1115 2544 obsecro

132 2583 204 2642 vos,
226 2582 436 2643 expavescere
449 2567 523 2641 ista,
545 2582 627 2641 quae
640 2566 671 2626 di
686 2567 861 2628 inmortales
875 2567 960 2627 velut
973 2568 1115 2628 stimulos

132 2651 296 2713 admovent
309 2650 434 2713 animisx
450 2651 605 2713 calamitas
617 2651 735 2712 virtutis
750 2651 875 2712 occasio
888 2659 945 2712 ast.
966 2650 1036 2712 illos
1051 2667 1116 2710 me-

131 2735 189 2794 rito
211 2736 278 2809 quis
301 2735 411 2796 dixerit
429 2736 575 2809 miseros,
595 2735 646 2811 qui
660 2736 753 2795 nimia
767 2734 909 2796 felicitate
923 2743 1114 2811 torpescunt,

102 2822 211 2894 iquos
227 2821 309 2880 velut
328 2818 358 2879 in
373 2820 448 2881 mari
463 2821 545 2879 lento
559 2820 761 2895 tranquillitas
778 2819 861 2879 iners
876 2819 1001 2879 detinet.
1025 2819 1114 2894 Quic-

133 2901 206 2978 quid
221 2902 279 2964 illis
295 2902 450 2976 inciderit,
465 2919 579 2965 novum
592 2903 703 2965 veniet.
725 2904 823 2978 magis
837 2911 946 2978 urgent
960 2919 1055 2964 saeva
1069 2906 1116 2962 m·

132 2995 293 3062 expertos·
315 3001 409 3063 grave
429 2995 477 3048 ast
498 2987 611 3048 teneris
626 2987 798 3048 cervicibus
812 2987 926 3061 iugum.
954 2987 996 3047 ad
1010 2989 1114 3062 suspi-

133 3070 253 3131 cionem
274 3069 409 3131 volneris
428 3072 487 3132 tiro
507 3071 662 3147 pallescit,
684 3070 832 3132 audacter
845 3077 1009 3131 veteranus
1025 3087 1114 3132 cruo-

131 3170 196 3217 rem
209 3170 299 3216 euum
314 3161 446 3230 spectat,
470 3155 522 3233 qui
543 3155 601 3215 scit
615 3168 650 3215 se
665 3169 760 3230 saepe
774 3153 889 3215 vicisse
902 3163 975 3230 post
989 3156 1113 3230 sangui-

132 3254 210 3299 nem.
239 3238 305 3300 lios
320 3239 424 3315 itaqua
438 3240 516 3300 deus
532 3253 611 3314 quos
626 3235 750 3312 prabet,
772 3254 854 3313 quos
870 3245 964 3312 amat,
983 3239 1113 3317 indurat,

132 3322 335 3397 recognoscit,
351 3330 482 3383 exercet.
504 3337 560 3382 eos
575 3326 677 3382 autem
688 3321 800 3398 quibus
812 3322 1114 3397 indulgeretidetur,

133 3406 245 3481 qulbus
257 3421 393 3482 parcere,
406 3408 513 3467 molles
524 3403 661 3466 venturis
671 3405 760 3466 malis
771 3413 883 3466 servat
903 3406 1012 3467 enatis
1024 3409 1114 3480 enim,

133 3488 159 3551 si
180 3504 270 3565 quem
291 3489 431 3550 iudicatis
452 3496 630 3566 exceptura
651 3490 753 3552 reniet
767 3490 807 3551 ad
827 3488 910 3550 illum
926 3490 979 3552 diu
992 3491 1113 3552 felicem
