2438 3968
197 253 259 316 ‘alo
392 255 425 313 L.
447 254 593 313 ANNAEI
613 255 787 314 SENECAE
808 255 910 314 DlAL.
924 255 973 314 Xl.

199 410 310 485 dirige=
332 409 528 469 siccabuntur
541 407 662 468 maximi
677 416 707 467 et
721 408 878 467 clarissimi
891 413 1059 482 conspectu
1071 411 1167 467 numi·

198 494 256 554 nis.
290 494 389 567 fulgor
406 493 476 553 eius.
494 493 577 565 illos,
606 499 638 552 ut
658 491 730 551 nihil
752 490 835 550 aliud
859 491 980 565 possint
996 491 1167 565 adspicere,

170 577 398 654 tproestringet
413 584 443 636 et
459 577 487 635 in
504 591 540 637 se
554 577 714 636 haerentes
732 575 885 635 detinebit.
916 575 973 634 llic
987 574 1054 649 tibi,
1076 592 1167 650 quern

198 671 229 723 tu
250 660 358 721 diebus
378 661 503 720 intueris
526 675 561 719 uc
582 658 735 731 noctibus,
763 675 781 718 a
805 675 865 734 quo
888 674 1053 734 numquam
1071 660 1168 719 deicis

199 747 344 815 animum,
369 744 547 818 cogitandus
568 751 629 814 est,
648 743 696 802 hio
717 753 821 803 contra
842 744 992 802 fortunam
1012 743 1155 803 advocatu

198 830 266 889 dus.
306 843 362 887 nec
378 827 495 900 dubito,
513 842 580 886 curn
596 835 678 886 tanta
691 827 733 886 illi
749 827 898 887 adversus
915 841 1021 886 omnes
1040 840 1116 888 suos
1129 828 1169 887 sil

197 912 400 972 mansuetudo
423 919 567 985 tantaque
587 911 787 985 indulgentia,
808 911 879 985 quin
896 911 954 970 iam
968 911 1070 970 multis
1086 912 1168 971 sola-2

196 996 246 1056 tiis
261 1005 345 1055 tuum
361 996 443 1056 istud
459 997 567 1054 volnus
581 994 755 1065 obduxerit,
779 997 886 1068 multa,
911 1009 989 1069 quae
1001 995 1101 1055 dolori
1114 995 1168 1055 ob·

198 1087 312 1140 starent
332 1087 399 1153 tuo,
426 1079 624 1154 congesserit.
662 1078 739 1152 Quid
761 1086 875 1153 porro‘t
902 1087 934 1139 ut
957 1077 1030 1137 nihil
1057 1078 1167 1138 horum

199 1165 316 1236 lecerit,
342 1179 442 1223 nonne
463 1163 602 1238 protinus
621 1163 689 1236 ipse
710 1172 895 1238 conspectus
916 1178 970 1236 per
986 1177 1022 1222 se
1036 1169 1167 1222 tantum-

170 1247 289 1309 omodo
311 1246 523 1322 cogitatusque
544 1247 656 1306 Caesar
677 1246 809 1307 maximo
830 1247 940 1307 solatio
957 1246 1010 1306 tibi
1026 1253 1094 1305 est?
1130 1246 1167 1306 Di

198 1331 279 1391 illum
297 1332 436 1406 deaeque
447 1329 534 1391 terris
547 1331 599 1390 diu
611 1331 810 1390 commodent.
834 1330 957 1390 actahic
966 1328 1027 1389 divi
1034 1329 1168 1405 Augusti

198 1422 323 1490 aequet,
345 1431 443 1474 annos
457 1414 564 1474 vineat.
600 1414 743 1489 quamdiu
757 1415 834 1474 inter
848 1413 983 1475 mortalis
1000 1413 1071 1486 erit,
1093 1413 1167 1473 nihil

197 1514 236 1558 ex
252 1500 343 1560 domo
360 1514 417 1559 sua
430 1500 556 1559 mortale
572 1513 643 1558 esse
657 1499 774 1558 sentiat.
794 1507 942 1559 rectorem
957 1499 1095 1558 Romano
1112 1497 1166 1557 im-

197 1583 283 1656 perio
305 1583 397 1642 lilium
417 1584 509 1658 longa
525 1582 587 1641 lide
601 1582 751 1656 adprobet
765 1589 795 1642 et
808 1590 878 1642 ante
893 1583 974 1643 illum
989 1589 1166 1642 consortem

198 1667 292 1739 patris
316 1682 406 1741 quam
433 1681 646 1726 successorem
671 1666 829 1741 adspiciat.
860 1681 930 1726 sera
950 1673 979 1726 et
1000 1665 1165 1741 nepotibus

197 1750 317 1807 demum
339 1750 452 1809 nostris
473 1750 539 1809 dies
559 1757 631 1809 nota
652 1751 706 1822 sit,
731 1767 792 1823 qua
809 1750 891 1809 illum
911 1765 986 1823 gens
1004 1766 1062 1810 sua
1077 1753 1165 1810 coelo

197 1832 329 1891 adserat.

169 1924 182 1975 1
258 1915 336 1974 Xlll.
365 1923 430 1990 [32]
453 1917 582 1977 Abstine
598 1917 636 1976 ab
651 1917 710 1977 hoc
725 1931 831 1977 manus
848 1925 929 1991 tuas,
952 1918 1086 1989 fortuna,
1109 1933 1166 1976 nco

197 1999 227 2058 in
242 2000 301 2060 isto
319 2001 481 2075 potentiam
496 2008 576 2060 tuam
593 1999 651 2059 nisi
669 2017 704 2059 ea
720 2008 819 2075 parte,
842 2017 904 2075 qua
916 2002 1045 2075 prodes,
1063 2008 1165 2062 osten-

197 2083 288 2144 deris.
323 2093 427 2158 patere
447 2084 530 2143 illum
549 2084 652 2158 generi
668 2085 799 2144 humano
815 2084 874 2143 iam
890 2084 943 2144 diu
958 2099 1050 2160 aegro
1067 2092 1098 2144 et
1113 2085 1162 2144 ad·

198 2169 276 2230 lecto
290 2168 414 2228 mederi.
437 2176 540 2242 patere
557 2167 702 2242 quicquid
715 2168 825 2243 prioris
837 2168 983 2244 principis
997 2171 1081 2230 luror
1092 2185 1165 2228 eon-

197 2253 309 2329 cussit,
328 2252 357 2310 in
373 2268 461 2312 suum
475 2253 576 2312 locum
590 2253 748 2311 restituere
762 2269 799 2312 ac
814 2268 972 2327 reponere.
995 2251 1082 2313 sidus
1094 2253 1164 2326 hoc,

197 2336 280 2410 quod
302 2337 497 2411 praecipitato
519 2337 548 2394 in
571 2336 754 2410 profundum
768 2344 798 2396 et
813 2337 955 2397 demerso
978 2336 1006 2396 in
1021 2337 1165 2398 tenebras

167 2420 261 2480 norbi
275 2421 408 2494 refulsit,
429 2436 551 2495 semper
564 2422 670 2480 luceat.
701 2421 757 2480 Hic
769 2420 961 2480 Germaniam
975 2423 1084 2495 placet,
1100 2420 1164 2481 Bri-

195 2503 327 2562 tanniam
348 2506 477 2579 aperiat,
504 2511 533 2563 et
558 2504 673 2580 patrios
697 2504 866 2578 triumphos
887 2505 977 2565 ducat
997 2511 1027 2564 et
1053 2520 1164 2566 novos.

197 2604 326 2661 quorum
346 2603 395 2647 me
418 2603 542 2663 quoque
563 2594 767 2663 spectatorem
784 2590 930 2662 luturum,
954 2605 1033 2664 quae
1049 2605 1089 2649 ex
1107 2589 1165 2648 vir-

196 2671 308 2730 tutibus
330 2671 396 2730 eius
418 2673 546 2746 primum
566 2671 679 2730 obtinet
698 2673 813 2747 locum,
836 2672 979 2747 promittit
994 2673 1165 2732 clementia.

195 2768 252 2812 nec
267 2754 346 2814 enim
362 2755 406 2814 sic
421 2771 470 2814 me
485 2755 607 2827 deiecit,
623 2764 656 2815 ut
670 2757 762 2816 nollet
776 2757 909 2831 erigere,
925 2756 1016 2818 immo
1029 2772 1068 2815 ue
1080 2758 1163 2817 deie-

196 2836 236 2895 cit
250 2837 386 2912 quidem,
402 2839 458 2898 sed
473 2840 624 2913 inpulsum
640 2855 657 2897 a
672 2841 793 2900 fortuna
807 2846 837 2899 et
850 2841 1009 2901 cadentem
1020 2839 1165 2901 sustinuit

195 2929 225 2981 et
240 2921 268 2978 in
288 2937 437 2996 praeceps
453 2930 572 2982 euntem
589 2923 696 2982 leniter
709 2925 829 2984 divinae
843 2940 951 2984 manus
965 2941 1042 2985 usus
1058 2925 1162 2984 mode-

194 3006 311 3065 ratione
326 3004 476 3080 deposuit.
501 3008 683 3080 deprecatus
695 3016 742 3068 est
753 3025 809 3083 pro
822 3024 869 3067 me
881 3016 1018 3068 senatum
1030 3015 1061 3068 et
1072 3008 1163 3068 vitam

167 3088 267 3152 smihi
282 3105 342 3148 non
357 3097 470 3150 tantum
487 3091 584 3164 dedit,
606 3091 765 3151 sedetiam
784 3092 875 3166 petiit.
907 3092 1026 3152 Viderit
1041 3094 1163 3167 qualem

196 3172 276 3232 volet
289 3187 361 3233 esse
375 3181 404 3234 el
415 3175 553 3235 aestimet
567 3189 691 3234 causam
706 3191 818 3236 meam:
841 3178 889 3236 vel
904 3177 1016 3237 iustitia
1027 3178 1096 3239 eius
1108 3178 1163 3237 bo·

195 3270 264 3313 nam
280 3258 446 3331 perspiciat
460 3260 508 3318 vel
528 3259 686 3319 clementia
704 3261 795 3321 saciat
809 3261 935 3321 bonam=
957 3268 1118 3338 utrumque
1133 3263 1162 3320 iu

194 3352 294 3412 aequo
319 3339 389 3399 mihi
417 3342 483 3402 eius
502 3342 682 3403 beneficium
707 3344 775 3415 erit,
806 3345 871 3403 sive
895 3345 1087 3406 innocentem
1115 3361 1163 3403 me

195 3420 297 3481 scierit
316 3439 401 3495 esse,
424 3427 489 3485 sive
509 3427 646 3488 voluerit.
682 3428 800 3489 lntcrim
816 3444 957 3504 magnum
973 3429 1162 3489 miseriarum

194 3519 328 3566 mearum
347 3509 488 3569 solatium
508 3519 556 3570 est
578 3511 681 3571 videre
706 3511 945 3572 misericordiam
972 3510 1040 3573 eius
1066 3519 1162 3573 aarum
