2438 3968
137 279 139 283 .
179 233 240 297 170
297 233 350 292 AD
368 232 552 293 SERENUM
573 233 674 293 DIAL.
689 233 768 291 Vlll.
788 232 839 292 DE
855 231 952 292 OTIO.
975 240 1040 294 ‘bd

179 388 315 458 titurum,
337 384 362 443 si
385 390 435 443 aut
453 382 601 458 voluptati
622 382 779 443 inminebit
798 383 985 458 poenitentia
1004 391 1056 443 aut
1070 383 1161 443 dolor

149 471 277 530 tminor
292 484 346 542 pro
361 467 502 541 graviore
523 473 680 528 sumeturt
709 466 774 541 Quo
796 468 926 542 pertinet
943 467 1021 527 baec
1035 467 1161 526 diceret

180 562 215 616 ut
224 553 370 626 adpareat
382 551 664 626 contemplationem
678 552 798 625 placere
809 551 961 611 omnibus.
980 549 1042 610 Alii
1055 559 1161 625 petunt

180 639 275 698 illam:
292 634 390 696 'nobis
410 635 488 695 haec
513 634 619 707 statio,
644 650 705 694 non
731 642 838 710 portus
864 643 921 696 est.
954 634 1054 696 Adice
1078 650 1161 695 nunc

182 722 280 794 [huc],
310 719 393 795 quod
419 721 526 793 alege
547 718 712 796 Chrysippi
734 719 838 778 vivere
858 721 958 779 otioso
979 721 1069 778 licet:
1096 736 1158 780 non

182 805 262 878 dico,
275 811 310 863 ut
324 805 417 863 otium
435 802 574 878 patiatur,
590 804 647 862 sed
662 812 695 863 ut
708 804 807 878 eligat.

154 896 166 945 t
190 892 192 896 '
241 889 322 948 Vlll.
350 887 467 960 Negant
484 886 580 947 nostri
601 887 768 960 sapientem
792 888 831 947 ad
853 886 1019 962 quamlibet
1037 903 1160 962 rempu-

181 974 290 1033 blicam
302 986 518 1039 accessurum;
531 969 605 1046 quid
617 978 716 1030 autem
728 971 861 1045 interest,
869 971 1024 1045 quomodo
1033 969 1160 1046 sapiens

183 1056 222 1116 ad
237 1056 330 1116 otium
345 1054 454 1126 veniat,
473 1061 572 1113 utrum
587 1055 659 1128 quia
672 1055 848 1129 respublica
862 1054 905 1114 illi
919 1055 1016 1128 deest,
1034 1072 1072 1114 an
1088 1055 1162 1129 quia

182 1141 250 1215 ipse
274 1139 482 1213 reipublicaet
521 1138 547 1196 si
573 1138 713 1198 omnibus
745 1139 885 1198 defutura
913 1139 1091 1213 respublica
1114 1147 1162 1199 est

182 1231 319 1298 (semper
333 1229 433 1282 autem
449 1222 545 1282 deerit
559 1221 718 1282 fastidiose
734 1222 977 1297 quaerentibusle
994 1223 1160 1297 interrogo,

183 1308 328 1383 adquam
350 1305 567 1380 rempublicam
590 1307 715 1380 sapiens
731 1307 770 1366 sit
788 1322 982 1367 accessurus.
1012 1306 1054 1366 ad
1067 1307 1162 1367 Athe-

183 1391 343 1464 niensium,
356 1392 387 1450 in
404 1407 465 1465 qna
477 1390 621 1450 Socrates
633 1389 800 1460 damnatur,
816 1391 1008 1462 Aristoteles,
1024 1406 1064 1450 ne
1076 1391 1161 1450 dam·

184 1483 321 1549 naretur,
338 1475 433 1549 sugit?
454 1475 484 1533 in
502 1491 562 1548 qua
577 1474 722 1548 opprimit
736 1472 850 1534 invidia
864 1475 1011 1535 virtutes?
1032 1475 1162 1550 negabis

153 1561 255 1620 amihi
278 1574 475 1620 accessurum
501 1559 540 1618 ad
565 1558 644 1617 hanc
669 1558 885 1632 rempublicam
907 1559 1086 1633 sapientem.
1124 1560 1163 1618 ad

185 1643 475 1717 Carthaginiensium
494 1658 566 1717 ergo
587 1642 805 1716 rempublicam
826 1643 950 1716 sapiens
967 1643 1110 1724 accedet,
1133 1644 1163 1702 in

185 1744 246 1801 qua
260 1726 390 1787 adsidua
404 1726 513 1786 seditio
532 1733 562 1786 et
577 1726 690 1800 optimo
712 1727 822 1801 cuique
842 1726 952 1787 intesta
967 1726 1091 1787 libertas
1107 1734 1162 1798 est

185 1806 303 1870 summa
322 1811 413 1885 aequi
427 1826 464 1870 ac
483 1809 556 1870 boni
576 1809 690 1884 vilitas,
712 1810 861 1870 adversus
876 1809 983 1870 hostes
998 1810 1163 1870 inhumana

186 1893 363 1964 crudelitas,
386 1894 476 1954 etiam
496 1895 646 1953 adversus
667 1910 741 1954 suos
756 1893 898 1954 hostilis?
920 1902 950 1955 et
963 1894 1043 1954 hanc
1058 1895 1163 1969 lugiet.

154 1974 219 2038 3ὃί
231 1991 415 2051 percensere
431 1977 568 2051 singulas
590 1978 732 2050 voluero,
758 1978 869 2038 nullam
890 1978 1058 2052 inveniam,
1083 1993 1163 2053 quaa

187 2061 355 2138 sapientem
379 2069 431 2121 aut
456 2077 546 2137 quam
572 2061 697 2137 sapiens
725 2062 786 2137 pati
810 2061 917 2137 possit.
956 2061 1075 2135 Quodsi
1101 2079 1162 2122 non

186 2145 337 2206 invenitur
357 2145 407 2204 illa
434 2145 623 2220 respublica,
649 2162 740 2221 quam
761 2145 850 2207 nobis
872 2147 1030 2220 fingimus,
1058 2146 1165 2221 incipit

187 2229 328 2292 omnibus
342 2245 413 2290 esse
428 2230 521 2290 otium
537 2229 758 2301 necessarium,
782 2231 854 2305 quia
870 2231 952 2305 quod
967 2247 1059 2290 unum
1076 2246 1164 2306 prae

154 2313 258 2374 llerri
279 2321 398 2390 poterat
413 2315 490 2386 ctio,
513 2330 663 2388 nusquam
686 2321 747 2373 est.
777 2313 810 2374 Si
832 2315 900 2389 quis
922 2312 997 2374 dicit
1016 2314 1164 2390 optimum

187 2415 258 2460 esse
278 2397 439 2474 navigare,
461 2398 572 2458 deinde
589 2406 679 2470 negat
698 2397 902 2472 navigandum
922 2396 952 2458 in
968 2414 1005 2457 eo
1020 2398 1113 2472 mari,
1134 2399 1163 2456 in

188 2500 248 2558 quo
270 2482 428 2557 naufragia
449 2482 515 2542 lieri
536 2483 654 2542 soleant
674 2489 704 2540 et
725 2483 900 2556 frequenter
914 2481 1034 2542 subitae
1048 2489 1163 2558 tempe·

188 2575 281 2628 states
304 2567 378 2638 sint,
402 2581 480 2641 quae
500 2574 648 2626 rectorem
669 2565 699 2623 in
720 2567 903 2626 contrarium
925 2565 1061 2639 rapiant:
1090 2574 1163 2641 puto

187 2649 236 2711 bic
251 2665 299 2710 me
315 2659 396 2711 vetat
408 2665 516 2710 navem
528 2650 659 2721 solvere,
675 2664 743 2708 cum
755 2649 858 2709 laudet
868 2649 1104 2723 navigationem.
1114 2649 1165 2691 ***
