2438 3968
132 242 194 306 236
320 242 354 300 L.
375 241 522 302 ANNAEl
547 241 721 302 SENECAE
744 242 845 302 DlAL.
862 241 913 301 XI.

132 402 162 454 te
182 394 223 453 illi
244 392 376 453 iudicem
396 393 462 453 dies
484 391 596 453 iecerit.
619 400 691 452 tunc
705 393 785 452 enim
800 392 915 468 poteris
930 394 959 454 in
974 394 1106 470 gratiam

133 494 201 539 cum
216 478 266 537 illa
284 478 394 538 redire.
416 493 486 536 nam
499 477 592 536 multa
606 476 752 550 providit,
777 476 888 550 quibus
902 478 983 538 banc
1000 494 1104 537 ernen-

133 563 220 622 daret
236 561 384 622 iniuriam.
418 562 512 620 multa
526 560 697 620 etiamnunc
712 560 809 633 dabit,
835 561 947 635 quibus
962 560 1105 622 redimat.

133 645 266 721 denique
292 644 393 720 ipsum
419 643 494 717 hoc,
523 644 606 717 quod
630 643 764 716 abstulit,
794 643 864 719 ipsa
886 646 1016 705 dederat
1039 643 1105 704 tibi.

100 726 1105 803 tlloliargoeontrareingenioutitu0,noliadesse

132 812 260 874 dolori
274 820 349 874 tuo.
381 819 481 886 potest
496 810 617 885 quidem
633 810 807 884 eloquentia
820 818 886 884 tua,
911 827 992 888 quae
1010 828 1106 887 parva

132 902 217 966 sunt,
239 895 411 970 adprobare
425 910 482 970 pro
497 895 629 969 magnis,
645 910 753 954 rursus
767 909 878 968 magna
891 897 1062 956 adtenuare
1077 903 1106 956 et

132 980 172 1040 ad
185 978 309 1039 minima
324 979 486 1039 deducere.
510 979 566 1038 sed
577 977 636 1038 alio
648 977 798 1038 istarires
810 986 914 1039 servet
925 995 1008 1052 suas,
1024 994 1106 1038 nune

133 1070 195 1124 tota
215 1077 250 1122 se
271 1063 302 1121 in
325 1062 465 1123 solatium
485 1068 569 1122 tuum
591 1062 736 1122 conterat.
771 1060 834 1121 Sed
854 1070 953 1122 umen
976 1062 1105 1137 dispice,

133 1161 172 1205 ne
186 1145 245 1206 lroc
259 1145 318 1206 iam
330 1161 454 1221 quoque
468 1146 568 1220 ipsum
583 1145 623 1204 sit
638 1161 870 1219 supervacuum.
896 1146 1013 1221 aliquid
1025 1148 1106 1206 enirn

104 1239 151 1291 aa
167 1230 256 1290 nobis
275 1239 383 1290 natura
403 1230 512 1303 exigit,
536 1229 603 1303 plus
618 1230 750 1288 vanitate
765 1228 958 1290 contrahitur.
993 1228 1106 1289 Num--

134 1329 241 1389 quarn
263 1319 567 1387 autemegoate,
591 1328 634 1371 ne
652 1318 996 1385 extotomoereas‚
1020 1312 1103 1372 exi·

132 1413 223 1473 gam.
256 1403 287 1457 et
301 1397 366 1457 scio
383 1396 511 1456 inveniri
523 1397 673 1471 quosdam
689 1397 784 1455 durae
798 1395 894 1470 magis
906 1412 999 1471 quam
1019 1396 1106 1456 fortis

134 1480 314 1557 prudentiae
336 1482 433 1552 viros,
459 1480 510 1554 qui
530 1487 641 1552 negent
655 1479 816 1540 doliturum
831 1496 902 1539 esse
917 1478 1105 1555 sapientem:

133 1564 163 1624 hi
183 1581 245 1624 non
265 1565 407 1625 videntur
426 1563 498 1623 mibi
520 1578 664 1637 umquam
685 1564 713 1622 in
737 1563 887 1623 eiusmodi
910 1579 1017 1623 casum
1032 1562 1105 1622 inci-

134 1647 228 1709 disse.
251 1647 386 1723 alioquin
398 1647 588 1707 excussisset
602 1646 660 1706 illis
674 1648 794 1706 lortuna
805 1647 970 1722 superbam
982 1645 1105 1721 sapien-

133 1731 205 1790 tiam
225 1738 256 1791 et
275 1732 314 1791 ad
330 1732 556 1791 consessionem
572 1724 626 1789 eos
642 1746 743 1789 veram
759 1731 846 1790 etiam
862 1731 973 1790 invitos
989 1745 1105 1805 conpu-

106 1814 230 1874 tlisset.
271 1812 377 1874 Satis
401 1812 651 1888 praestiterit
672 1814 787 1884 ratio,
810 1815 843 1873 si
866 1813 902 1874 id
925 1829 1040 1872 unurn
1063 1828 1107 1872 ex

135 1899 286 1969 dolore,
310 1899 412 1972 qrrod
432 1906 468 1957 et
485 1904 666 1972 superest
686 1905 721 1957 et
741 1897 924 1970 abundat,
947 1896 1105 1956 excide-

133 1979 198 2041 rit=
219 1987 253 2040 ut
272 1980 394 2054 quidem
415 1982 530 2040 nullum
552 1981 675 2040 omnino
697 1996 768 2040 esse
789 1996 857 2040 eum
881 1981 1027 2056 patiatur,
1051 1996 1107 2039 nec

135 2064 321 2140 sperandum
344 2064 397 2124 ulli
421 2079 478 2123 nec
501 2064 780 2139 concupiscendum
805 2072 860 2125 est.
898 2065 978 2124 bunc
1003 2065 1106 2138 potius

134 2149 258 2209 modum
273 2156 390 2220 servet,
414 2148 465 2223 qui
480 2163 536 2206 nec
551 2148 725 2222 inpietatem
739 2147 870 2208 imitetur
885 2163 942 2208 neo
956 2147 1108 2207 insaniam

135 2238 166 2292 et
179 2248 237 2293 nos
252 2231 281 2292 in
294 2247 332 2292 eo
345 2239 446 2292 teneat
455 2230 573 2302 babitu,
590 2231 683 2306 quiet
695 2231 763 2306 piae
775 2231 883 2291 mentis
895 2238 1012 2292 estnec
1024 2246 1107 2290 emo-

134 2323 199 2377 tae:
228 2315 326 2376 fluant
345 2315 501 2387 lacrimae,
524 2315 580 2374 sed
596 2315 722 2375 eaedem
738 2324 768 2374 et
785 2315 933 2375 desinant.
949 2315 1109 2375 trahantur

135 2416 174 2459 ex
188 2400 248 2460 imo
264 2400 394 2474 gemitus
410 2407 548 2474 pectore,
564 2398 620 2458 sed
635 2398 725 2457 iidem
741 2405 771 2457 et
784 2399 934 2460 liniantur.
970 2397 1023 2458 Sic
1034 2413 1108 2471 rege

135 2484 266 2543 animum
287 2492 383 2553 tuum,
408 2490 442 2542 ut
461 2489 491 2541 et
510 2481 699 2556 sapientibus
721 2489 750 2541 te
767 2482 940 2557 adprobare
956 2483 1063 2556 possis
1079 2488 1109 2540 et

108 2567 290 2629 liratribus.
325 2565 466 2638 Eiiice,
493 2574 532 2626 ut
552 2566 779 2640 frequenter
799 2567 934 2626 fratris
957 2565 1011 2624 tui
1034 2581 1107 2624 me-

135 2651 290 2711 moriam
312 2649 383 2710 tibi
404 2649 503 2709 velis
527 2663 752 2721 occurrere,
782 2658 814 2711 ut
834 2649 916 2709 illum
939 2656 969 2707 et
990 2663 1108 2707 sermo-

135 2733 226 2793 nibus
247 2734 383 2794 cclebres
399 2738 430 2793 et
443 2732 573 2792 adsidua
588 2732 799 2792 recordatione
813 2738 1029 2808 repraesentes
1045 2731 1108 2802 tibi,

136 2816 220 2890 quod
236 2817 276 2877 ita
290 2817 413 2876 demum
427 2816 576 2891 consequi
592 2817 721 2889 poteris,
743 2816 769 2874 si
783 2816 835 2875 tibi
846 2816 1024 2875 memoriam
1041 2816 1108 2875 eius

135 2899 298 2961 iucundam
313 2900 410 2974 magis
425 2915 514 2974 quam
527 2897 659 2959 flebilem
670 2899 789 2960 leceris.
811 2901 946 2960 naturaie
957 2906 1005 2958 est
1016 2898 1106 2968 enim,

135 2991 168 3045 ut
188 2999 309 3059 semper
329 2984 447 3043 animus
469 2984 507 3042 ab
529 2998 566 3042 eo
586 2982 729 3058 refugiat,
752 2982 791 3042 ad
805 2985 889 3059 quod
904 2998 972 3042 curn
988 2981 1108 3042 tristitia

105 3067 303 3129 8revertitur.
339 3066 444 3142 Cogita
456 3066 636 3127 modestiam
651 3067 733 3140 eius,
749 3068 850 3142 cogita
862 3068 892 3127 in
907 3066 1001 3126 rebus
1013 3080 1106 3140 agen-

136 3151 183 3211 dis
205 3151 385 3225 sollertiam,
407 3152 437 3210 in
458 3150 665 3224 exsequendis
680 3150 872 3221 industriam,
896 3151 926 3208 in
943 3149 1106 3224 promissis

137 3234 346 3295 constantiam.
376 3233 478 3295 onmia
492 3233 572 3294 dicta
585 3234 651 3294 eius
666 3250 702 3293 ac
718 3235 796 3293 iacta
812 3242 841 3293 et
856 3233 923 3294 aliis
938 3248 1063 3308 expone
1077 3240 1107 3292 et

137 3314 251 3377 tibimet
272 3319 339 3392 ipse
359 3334 572 3380 commemora.
599 3317 697 3392 qualis
718 3317 807 3377 luerit
828 3318 927 3393 cogita
943 3316 1106 3391 qualisque

138 3402 254 3474 sperari
276 3402 414 3474 potuerit.
449 3401 622 3477 quidecim
645 3401 683 3460 de
709 3401 760 3461 illo
785 3418 847 3462 non
872 3409 936 3462 tuto
958 3399 1106 3476 sponderi

136 3483 227 3542 fratre
243 3485 362 3557 possita
