2438 3968
222 256 271 316 DE
286 253 619 328 TRANQUILLITATE
633 253 754 313 ANIMI.
776 261 860 314 3-5.
963 250 1024 316 179

56 419 117 470 est:
133 408 163 470 in
179 408 335 481 domibus,
350 409 381 468 in
397 407 598 482 spectaculis,
613 406 644 467 in
660 406 809 467 conviviis
824 407 938 469 bonum
952 425 1024 470 con·

56 494 258 565 tubernalem‚
289 492 411 552 fidelem
437 491 582 564 amioum,
614 497 831 566 temperantem
863 493 1025 553 convivam

55 583 134 653 agat.
157 575 259 636 officia
271 573 346 635 civis
359 575 507 636 amiserim
521 573 653 634 hominis
666 581 817 635 exerceat.
832 574 902 643 ideo
913 593 1023 652 magno
1038 583 1056 638 4

55 661 156 721 animo
177 674 234 719 nos
255 674 316 718 non
338 659 429 719 unius
450 658 535 719 urbis
555 657 716 718 moenibus
738 658 900 733 clusimus,
922 662 1023 720 sedin

55 745 147 806 totius
178 743 261 804 orbis
286 741 501 802 commercium
533 741 688 803 emisimus
716 743 907 818 patriamque
934 744 1023 804 nobis

54 828 199 889 mundum
222 827 355 904 professi
370 843 492 900 sumne,
513 833 546 887 ut
559 826 664 888 liceret
677 827 813 886 latiorem
829 827 928 888 virtuti
944 843 1024 887 cam-

56 928 127 988 pum
151 913 233 971 dare.
263 910 457 984 praeclusum
476 910 529 970 tibi
549 908 681 972 tribunal
706 917 755 971 est
774 918 803 969 et
822 912 930 972 rostris
954 927 1024 986 pro·

55 995 169 1056 hiberis
185 1003 237 1054 aot
251 995 395 1055 comitiis:
420 994 541 1069 respice
561 1000 633 1069 post
654 1002 684 1055 te
705 1001 849 1070 quantum
864 996 1025 1056 latissima·

54 1096 122 1139 rum
145 1079 302 1155 regionum
331 1087 446 1154 pateat,
474 1085 615 1153 quantum
641 1080 833 1154 populomm.
862 1095 1026 1154 numquam
1091 1106 1093 1112 ·

57 1164 99 1223 ita
113 1161 166 1223 tibi
181 1179 290 1237 magna
304 1179 377 1238 pars
393 1163 581 1236 obstruetur,
596 1170 629 1222 ut
643 1179 704 1223 non
718 1161 817 1223 maior
829 1163 1025 1236 relinquatur.

56 1247 119 1308 Sed
132 1248 218 1317 vide,
240 1262 279 1305 ne
301 1253 394 1306 totum
409 1245 490 1306 istud
507 1255 591 1306 tuum
605 1247 710 1307 vitium
727 1247 775 1307 sit.
807 1263 867 1308 non
883 1247 931 1306 vis
945 1248 1025 1306 enim
1039 1259 1056 1312 5

55 1329 114 1391 nisi
131 1332 239 1391 consul
254 1338 306 1390 aut
322 1327 460 1406 prytanis
470 1337 523 1390 aut
537 1346 634 1408 ceryx
647 1337 700 1391 aut
714 1331 799 1391 sules
815 1331 1026 1391 administrare

55 1415 281 1489 rempublicam.
312 1413 390 1488 Quid
410 1414 438 1474 si
458 1414 584 1473 militare
608 1415 687 1474 nolis
709 1414 767 1473 nisi
787 1414 953 1489 imperator
975 1431 1027 1474 aut

56 1499 215 1559 tribunus?
240 1497 357 1558 etiamsi
378 1496 429 1558 alii
444 1496 571 1572 primam
586 1498 713 1558 frontem
729 1498 889 1572 tenebunt,
911 1506 940 1558 te
955 1513 1025 1558 sors

56 1584 133 1643 inter
147 1582 267 1642 triarios
280 1581 432 1657 posuerit,
447 1580 519 1640 inde
534 1596 624 1655 voce,
636 1581 861 1654 adhortatione,
874 1583 1025 1657 exemplo,

57 1666 157 1727 animo
178 1664 286 1725 milita:
313 1665 461 1740 praecisis
483 1679 606 1739 quoque
626 1663 766 1724 manibus
786 1664 836 1724 ille
856 1666 886 1724 in
908 1665 1025 1741 proelio

58 1750 185 1822 invenit,
207 1749 291 1824 quod
313 1749 449 1824 partibus
469 1748 619 1822 conferat,
642 1748 694 1823 qui
715 1755 775 1808 stat
793 1755 891 1809 tamen
915 1755 945 1808 et
964 1750 1024 1808 cla·

57 1849 141 1894 more
155 1834 245 1894 iuvat.
275 1835 348 1893 Tale
362 1832 506 1908 quiddam
521 1832 631 1892 faciest
652 1833 679 1893 si
694 1849 712 1891 a
727 1833 823 1907 prima
837 1840 866 1893 te
882 1832 1055 1909 reipublic

57 1934 111 1978 cae
128 1923 214 1991 parte
228 1919 350 1977 lortuna
364 1915 565 1989 submoverit,
587 1923 651 1976 stes
674 1923 773 1977 tamen
789 1923 819 1976 et
833 1919 965 1976 clamore
979 1915 1023 1975 iu-

56 2017 111 2060 ves
127 2009 171 2074 et,
192 2001 219 2060 si
235 2001 303 2076 quis
319 2001 424 2060 lauces
440 2000 643 2075 oppresserit,
665 2007 728 2060 stes
741 2007 840 2060 tamen
859 2008 889 2061 et
903 1999 1023 2061 silentio

56 2085 152 2145 iuves.
181 2085 350 2161 Numquam
371 2081 484 2144 inutilis
506 2091 554 2144 est
574 2099 669 2160 opera
689 2083 765 2144 civis
787 2084 869 2145 boni.
903 2084 1023 2144 auditus

57 2175 105 2228 est
125 2168 288 2244 visusque:
319 2169 417 2240 voltu,
439 2175 528 2240 nutu,
551 2166 754 2228 obstinatione
774 2167 865 2228 tacita
885 2167 1023 2228 incessu·

58 2268 116 2328 que
138 2252 206 2327 ipso
230 2254 365 2327 prodest.
404 2251 443 2312 Ut
463 2251 621 2323 salutaria,
645 2268 724 2327 quae
745 2251 820 2311 citra
839 2261 960 2326 gustum
980 2258 1055 2322 ta·7

58 2343 201 2409 ctumque
222 2337 317 2397 odore
339 2334 517 2410 proficiunt,
539 2335 580 2395 ita
599 2336 694 2395 virtus
710 2334 864 2395 utilitatem
881 2337 970 2395 etiam
985 2350 1025 2394 ex

57 2420 223 2493 longinquo
239 2427 268 2479 et
285 2422 382 2479 latens
398 2419 509 2492 fundit,
531 2419 597 2479 sive
612 2420 759 2493 spatiatur
774 2424 804 2478 et
817 2419 953 2480 sentitur
966 2434 1023 2479 suo

57 2502 137 2574 iure,
154 2502 219 2562 sive
234 2501 391 2576 precarios
406 2502 496 2562 habet
510 2518 659 2562 excessus
677 2501 855 2577 cogiturque
869 2504 937 2562 vela
952 2517 1024 2562 con·

57 2585 191 2656 trahere,
210 2586 276 2645 sive
291 2584 392 2646 otiosa
403 2594 547 2660 mutaque
561 2592 609 2646 est
623 2594 653 2646 et
667 2593 796 2661 angusto
812 2585 1023 2662 circumsepta,

57 2671 123 2730 sive
137 2669 297 2744 adaperta:
318 2669 349 2728 in
371 2685 564 2744 quocumque
578 2670 680 2729 habitu
701 2675 762 2740 est,
785 2667 891 2744 prosit.
931 2670 1025 2745 quid‘l

57 2762 89 2814 tu
104 2769 210 2828 parum
225 2752 298 2812 utile
314 2759 402 2827 putas
417 2754 588 2828 exemplum
603 2754 681 2812 bene
697 2753 903 2828 quiescentisr
921 2753 1057 2829 Longos

58 2837 161 2911 itaque
177 2837 325 2911 optimum
343 2841 392 2895 est
404 2837 533 2900 miscere
547 2836 640 2897 otium
654 2837 762 2909 rebus,
786 2837 926 2910 quotiens
941 2845 1023 2898 actu-

59 2937 115 2980 osa
135 2921 196 2980 vita
216 2919 428 2994 inpedimentis
449 2919 577 2980 lortuitis
606 2926 657 2979 aut
686 2921 814 2981 civitatis
844 2921 1025 2981 condicione

60 3003 274 3078 prohibebitur.
309 3019 472 3078 numquam
493 3004 572 3062 enim
591 3019 692 3078 usque
712 3020 749 3065 eo
769 3003 934 3065 interclusa
954 3011 1026 3065 sunt

59 3088 174 3161 omnia,
189 3095 222 3147 ut
236 3087 309 3147 nulli
324 3085 435 3146 actioni
449 3088 536 3147 locus
551 3086 700 3148 honestae
714 3088 762 3148 sit.

120 3173 159 3232 V.
181 3171 333 3246 Numquid
355 3178 443 3246 potes
458 3169 594 3230 invenire
611 3170 714 3231 urbem
730 3171 918 3232 miseriorem
933 3187 1023 3245 quam
1039 3181 1054 3234 l

58 3253 288 3314 Atheniensium
301 3255 367 3328 luit,
385 3260 455 3314 eunt
465 3253 545 3312 illam
559 3254 679 3328 triginta
692 3253 813 3333 tyranni
828 3255 1024 3317 divellerent?

58 3339 138 3399 mille
153 3346 304 3399 trecentos
319 3339 416 3411 cives,
439 3338 584 3412 optimum
607 3352 759 3413 quemque
779 3337 953 3399 occiderant
967 3355 1023 3400 nec

58 3423 150 3482 finem
171 3422 241 3482 ideo
264 3423 430 3496 iaciebant,
453 3422 510 3481 sed
530 3420 671 3482 inritabat
690 3437 726 3482 se
745 3422 814 3496 ipsa
827 3423 963 3485 saevitia.
992 3423 1023 3482 in

60 3523 120 3580 qua
136 3506 254 3566 civitate
268 3511 333 3566 erat
345 3507 445 3566 Areos
462 3520 573 3580 pagos,
593 3503 855 3580 religiosissimum
870 3506 1022 3580 iudicium,

764 3589 818 3651 tt*
