2438 3968
188 259 249 324 156
371 263 403 322 L.
423 263 569 322 ANNAEI
589 262 764 324 SENECAE
787 263 887 324 DIAL.
906 263 973 322 vll.

187 417 260 478 nihil
275 417 346 477 novi
363 416 472 476 lacius.
500 432 569 477 nam
591 425 621 477 et
641 418 739 476 solem
758 415 871 475 lumina
893 414 1163 490 aegralomiidant

83 508 84 513 ’
187 508 217 563 et
237 507 416 561 aversantur
434 501 517 560 diem
529 500 724 575 splendidum
738 506 886 560 nocturna
901 499 1057 573 animalia,
1083 516 1162 574 quae

187 586 226 645 ad
252 585 379 660 primum
407 584 474 644 eins
501 592 597 645 ortum
622 590 745 658 stupent
767 590 798 642 et
821 582 945 643 latibula
967 599 1032 644 sua.
1046 586 1162 658 passim

187 675 301 744 petunt,
316 669 468 728 abduntur
481 667 512 727 in
527 668 645 743 aliquas
660 669 752 727 rimas
766 666 870 727 timida
884 666 970 726 lucis.
1005 669 1117 741 gemite
1132 675 1163 727 et

185 753 335 812 infelicem
357 752 490 828 linguam
516 752 666 812 bonorum
692 757 833 812 exercete
858 750 1014 826 contricio,
1040 751 1160 824 hiscite,

186 838 396 898 conmordete=
427 836 515 895 citius
542 836 635 896 multo
659 835 803 910 frangetis
825 835 931 894 dentes
954 851 1045 910 quam
1068 835 1161 910 inpri*

184 921 282 980 metis.

155 1011 171 1064 1
245 1004 322 1063 XXI.
354 1005 512 1085 „Quare
535 1004 605 1063 ille
637 1003 917 1080 philosophiae
950 1003 1159 1065 studiosus

184 1095 426 1149 esteltamen
441 1087 553 1147 dives
575 1087 687 1147 vitam
703 1088 802 1162 agite
823 1101 942 1161 querc
957 1102 1053 1162 opes
1069 1104 1158 1149 con·

183 1172 413 1232 temnendus
438 1171 533 1230 dicit
558 1179 593 1232 et
618 1171 754 1232 habeti
789 1172 878 1232 vitam
905 1173 1159 1232 contemnendam

182 1261 269 1331 potat
282 1262 422 1317 ettamen
434 1256 528 1315 vivit?
545 1256 738 1315 valitudinem
751 1255 1003 1317 contemnendam
1014 1262 1045 1314 et
1057 1263 1158 1316 tumen

183 1340 263 1400 illam
289 1339 518 1414 diligentissime
543 1346 642 1400 tuetur
666 1346 758 1415 atque
786 1340 930 1414 optimam
954 1341 1090 1400 mavult?
1129 1348 1159 1402 et

181 1422 306 1485 exilium
326 1441 437 1484 vanum
460 1439 570 1484 nomen
590 1430 724 1498 putatet
744 1423 799 1485 eit:
822 1423 897 1498 quid
917 1422 998 1483 enim
1018 1431 1069 1484 est
1087 1425 1158 1486 meli

181 1516 298 1569 mutare
317 1509 481 1584 regionesr
509 1515 670 1581 ettamen,
691 1508 718 1568 si
739 1508 824 1581 licet,
845 1507 985 1568 senescit
993 1507 1022 1566 in
1038 1508 1158 1582 patriai

181 1599 212 1652 et
225 1593 303 1653 inter
316 1593 437 1667 longius
454 1600 575 1668 tempus
588 1599 618 1652 et
633 1591 755 1660 breuius
771 1591 845 1651 nihil
865 1592 1015 1652 interesse
1033 1591 1156 1665 iudicat,

180 1683 298 1748 tamen,
323 1677 350 1734 si
374 1677 446 1736 nihil
474 1676 628 1750 prohibet,
656 1675 791 1735 extendit
814 1684 942 1736 aetatem
963 1682 994 1736 et
1013 1677 1047 1735 in
1063 1678 1158 1736 multa

152 1765 338 1824 asenectute
352 1761 492 1834 placidus
506 1762 626 1821 virett“
645 1760 698 1820 Ait
709 1760 768 1820 ista
780 1759 893 1820 debere
905 1758 1067 1834 contemni,
1084 1775 1155 1833 non,

181 1859 220 1902 ne
234 1842 359 1916 habeat,
381 1844 493 1904 sedne
512 1845 659 1904 sollicitus
674 1843 793 1904 haheat.
821 1859 882 1904 non
902 1843 995 1917 abigit
1012 1844 1097 1904 illae
1112 1859 1157 1917 se,

181 1926 238 1986 sed
259 1925 400 1986 abeuntia
422 1943 550 1987 securus
577 1928 781 2002 prosequitur.
813 1926 939 1989 Divitias
961 1927 1084 2002 quidem
1105 1927 1157 1988 ubi

181 2010 272 2070 tutius
288 2010 408 2070 iortuna
423 2011 557 2086 deponet
572 2027 662 2086 qinein
683 2012 741 2084 ihi,
763 2012 849 2071 unde·
863 2011 932 2070 sine,
945 2012 1076 2085 querela
1086 2012 1155 2072 red-

150 2094 281 2155 tdentis
302 2102 467 2169 receptura
488 2101 555 2155 esti
582 2094 622 2153 lli.
645 2095 717 2156 Cato
739 2111 811 2154 cum
826 2095 964 2155 laudaret
985 2093 1107 2156 Curium
1127 2101 1158 2155 et

181 2178 404 2238 Coruncanium
419 2186 449 2238 et
463 2179 536 2239 illud
553 2181 705 2251 seculum,
728 2178 835 2254 inquo
852 2178 1030 2238 censorium
1041 2180 1155 2238 crimen

180 2269 246 2323 erat
258 2277 376 2337 paucae
391 2263 507 2336 argenti
522 2264 667 2335 lamellae,
692 2262 874 2338 possidebat
885 2262 953 2337 ipse
968 2263 1156 2338 quadragies

180 2345 367 2419 sestertium,
389 2347 488 2408 minus
510 2348 577 2408 sine
593 2347 685 2408 dubio
702 2363 794 2422 quum
810 2346 954 2419 Crassus,
977 2348 1046 2422 plus
1064 2364 1156 2422 quam

181 2431 345 2491 Censorius
361 2430 444 2492 Cato.
466 2433 581 2492 maiore
596 2432 711 2505 spatio,
729 2431 756 2491 si
771 2437 988 2506 conparentur,
1005 2447 1155 2505 proauum

180 2513 307 2588 vicerat,
325 2532 450 2589 quamn
465 2515 576 2576 drasso
592 2515 779 2588 vinceretur,
796 2523 839 2590 et,
855 2514 882 2574 si
896 2514 1027 2574 maiores
1043 2515 1086 2574 illi
1101 2515 1154 2575 oh·

148 2600 336 2661 evenissent
350 2615 441 2674 opes,
465 2617 526 2659 non
543 2600 722 2676 sprevisset.
751 2615 808 2659 nec
824 2598 953 2658 enimse
968 2598 1094 2673 sapiens
1109 2600 1155 2658 in·

178 2681 303 2756 dignum
318 2682 387 2742 ullis
402 2685 577 2744 muneribus
593 2684 722 2744 fortuitis
738 2690 838 2758 putat..
854 2699 915 2744 non
931 2681 1153 2756 antatdiuitias,

178 2767 235 2826 sed
250 2766 373 2826 mavult.
401 2783 463 2827 non
484 2767 515 2827 in
532 2767 663 2827 animum
677 2766 761 2841 illas,
783 2768 841 2828 sed
853 2766 882 2826 in
899 2767 1021 2826 domum
1036 2766 1153 2841 recipit

177 2865 235 2909 nee
259 2848 378 2925 respuit
400 2867 581 2925 possessas,
606 2852 663 2911 sed
685 2850 818 2912 continet
837 2859 867 2912 et
888 2851 1032 2911 maiorem
1054 2850 1154 2911 virtuti

177 2949 253 2994 suae
268 2934 424 2995 materiam
440 2933 660 2996 subministrari
677 2939 747 2995 vult.

149 3021 164 3072 1
237 3018 328 3078 XXll.
352 3017 430 3092 Quid
444 3026 546 3080 eutem
560 3019 643 3079 dubii
658 3027 719 3092 est,
737 3018 809 3094 quin
824 3018 901 3078 haec
916 3018 1013 3079 maior
1026 3019 1153 3079 materia

175 3101 307 3177 sapienti
322 3101 388 3162 niro
404 3103 445 3163 sit
458 3103 593 3163 animum
604 3102 780 3178 explicandi
791 3119 880 3163 suurn
892 3103 922 3162 in
934 3102 1047 3163 diuitiis
1061 3119 1153 3178 quam

175 3183 205 3245 in
229 3194 423 3262 paupertate,
447 3203 514 3247 cum
535 3186 564 3246 in
586 3187 643 3247 hac
665 3204 756 3248 unum
777 3203 873 3262 genus
892 3185 1011 3247 virtutis
1031 3185 1072 3247 sit
1092 3203 1152 3247 non

174 3268 312 3329 inclinari
327 3286 384 3329 nec
399 3270 542 3346 deprimi,
569 3272 598 3330 in
614 3271 725 3332 divitiis
741 3277 771 3332 et
785 3269 1032 3345 temperantiuet
1042 3270 1151 3331 libera.-

175 3352 242 3413 litas
264 3359 294 3411 et
314 3352 469 3427 diligentia
492 3362 521 3415 et
542 3355 704 3431 dispositio
727 3363 757 3415 et
771 3353 1152 3429 magnificentiacampum

143 3435 284 3499 ahabeut
308 3442 470 3510 patentem.
509 3440 575 3499 Non
605 3445 776 3500 contemnet
802 3454 838 3498 se
865 3439 1005 3513 sapiens,
1033 3439 1151 3500 etiarnsi

173 3519 265 3582 luerit
283 3517 423 3581 minimae
443 3528 590 3597 staturae,
612 3539 685 3584 esse
704 3530 804 3582 tamen
827 3538 862 3583 se
881 3536 1044 3598 procerum
1060 3522 1152 3583 volet.
