2438 3968
139 237 419 305 semitutum
432 242 623 305 ACCIPERE
636 241 863 307 SAPIENTEM.
875 243 1031 303 tii-xil.
1052 237 1095 304 27

115 397 241 474 quidem
254 404 312 457 nec
327 396 478 458 adversus
492 411 530 456 ee
543 397 635 457 solite
646 395 698 457 illa
711 397 821 458 virtute
840 397 932 456 utitur
951 396 1030 456 dura
1048 402 1094 456 to·

115 480 245 553 terendi,
260 482 318 541 sed
331 488 459 542 autnon
474 481 600 542 adnotet
613 487 665 540 aut
680 481 772 554 digna
786 481 851 540 risu
866 487 961 555 putet

138 595 141 599 ·
171 565 231 624 ull.
265 565 425 625 Praeterea
445 580 514 624 cum
537 579 678 640 magnam
704 571 821 640 portem
844 563 1120 624 contumeliorum

111 649 242 724 superbi
256 649 487 724 insolentesque
500 649 613 709 iaciant
626 655 657 707 et
670 649 749 708 male
764 647 936 708 felicitatem
951 648 1093 720 ferentes,

114 732 209 794 babet
222 747 285 808 quo
299 733 390 793 istum
401 731 553 792 adiectum
565 731 704 792 inflatum
714 739 848 807 respuat,
860 731 1094 807 pulcherrimam

110 817 254 877 'uirtutem
269 817 401 877 omnium
417 814 548 890 [animi],
568 817 860 891 magnanimitatem:
882 816 933 875 illa
949 815 1095 891 quicquid

115 900 268 961 eiusmodi
292 908 353 975 est,
379 901 558 961 transcurrit
579 908 613 960 ut
639 915 735 960 vanas
762 897 884 975 species
905 899 1094 961 somniorum

113 985 266 1060 risusque
285 992 453 1045 nocturnos
474 983 549 1044 nibil
568 984 708 1044 habentis
723 982 813 1045 solidi
829 990 921 1058 atque
934 982 1010 1043 veri.
1044 980 1123 1046 sir

111 1070 177 1129 mul
191 1067 266 1128 illud
280 1069 402 1143 cogitet
417 1083 525 1129 omnes
540 1068 699 1129 inferiores
713 1083 795 1142 esse,
807 1083 905 1143 quem.
914 1075 949 1129 ut
963 1067 1022 1127 illis
1038 1082 1092 1126 eu-

112 1151 205 1212 daela
225 1152 264 1212 sit
281 1160 364 1214 tanto
379 1152 552 1215 excelsiora
571 1152 741 1227 despicere.
778 1152 964 1214 Contumelia
984 1166 1088 1212 acnu-

112 1243 230 1311 tempto
251 1235 413 1309 dictasset,
439 1237 512 1312 quia
533 1251 622 1297 nemo
642 1236 701 1297 nisi
715 1252 806 1312 quem
821 1236 1017 1311 contempsit,
1042 1234 1094 1295 tali

110 1320 224 1380 iniuria
237 1328 331 1382 notat.
354 1337 443 1381 nemo
458 1328 558 1381 autem
573 1321 718 1380 maiorem
731 1321 949 1395 melioremque
960 1325 1093 1381 conteru-

110 1405 167 1479 nit,
181 1405 271 1464 mam
286 1404 314 1464 si
329 1404 401 1464 iecit
414 1403 540 1479 aliquid,
555 1405 640 1478 quod
655 1411 884 1465 contemnentes
896 1404 1010 1463 solent:
1025 1418 1095 1462 nam

115 1496 145 1547 et
161 1488 248 1563 pueri
269 1503 306 1548 os
328 1494 488 1563 parentum
501 1488 614 1548 feriunt
627 1494 657 1547 et
671 1488 771 1549 crines
788 1487 892 1546 aratris
905 1486 1039 1548 turbavit
1051 1487 1093 1546 la-

115 1572 293 1648 ceravitque
319 1572 419 1630 inians
441 1580 471 1632 et
490 1578 582 1645 sputo
603 1571 758 1646 adspersit
771 1578 822 1630 oui
836 1570 963 1632 nudavit
975 1569 1007 1629 in
1022 1585 1095 1630 con·

115 1661 227 1728 spectu
241 1666 367 1715 suorum
383 1655 515 1729 tegenda
530 1661 561 1715 et
573 1654 675 1715 verbis
691 1654 945 1716 obscoenioribus
963 1669 1024 1714 nou
1039 1668 1092 1730 pe·

115 1739 220 1813 percit.
247 1746 279 1798 et
292 1738 365 1798 nihil
379 1738 487 1799 horum
503 1737 715 1799 contumeliam
730 1738 869 1800 dicimus.
890 1744 1009 1814 queret
1023 1738 1096 1815 quie

115 1821 269 1897 quilecit,
285 1829 481 1882 contemnere
495 1837 557 1882 non
572 1831 682 1898 potest.
718 1823 834 1882 liudem
849 1837 945 1884 censa
959 1829 1022 1894 est,
1039 1830 1123 1888 corb

115 1921 173 1965 nos
187 1906 408 1981 mancipiorum
423 1914 596 1968 nostrorum
610 1907 766 1967 urbanitas
783 1907 813 1966 in
828 1905 971 1967 dominos
986 1915 1092 1968 eontu-

114 1989 245 2051 meliosa
261 1990 404 2062 delectet,
420 2004 550 2065 quorum
567 1992 695 2052 audacia
709 1989 750 2051 ita
765 1991 887 2051 demum
900 1989 960 2050 sibi
974 1989 1003 2050 in
1021 2007 1094 2051 con-

114 2074 201 2134 vivas
216 2073 264 2133 ius
278 2072 360 2146 iacit,
382 2074 408 2133 si
423 2075 526 2149 coepit
541 2091 560 2134 a
573 2076 705 2135 domino.
748 2083 780 2135 et
806 2082 839 2136 ut
864 2074 996 2150 quisque
1022 2090 1093 2134 con-

111 2156 334 2232 temptissimus
344 2165 375 2218 et
386 2163 442 2232 [ut]
454 2158 616 2219 ludibrium
628 2167 683 2232 est,
697 2160 738 2219 ita
751 2159 958 2219 solutissimae
972 2159 1106 2234 linguae.

113 2249 171 2301 est.
202 2241 319 2302 Pueros
338 2241 459 2317 quidem
482 2241 511 2302 in
535 2243 594 2303 hoc
615 2249 787 2303 mercantur
807 2258 956 2318 procaces
978 2249 1009 2302 et
1028 2243 1094 2302 illo·

113 2337 180 2385 rum
200 2325 406 2400 inpudentiam
430 2333 544 2386 acuunt
566 2342 604 2386 ac
627 2326 685 2388 sub
711 2327 856 2402 magistro
883 2325 1012 2399 babent,
1041 2323 1094 2401 qui

114 2407 228 2484 probra
241 2409 382 2470 meditate
398 2408 566 2481 effundunt,
580 2426 638 2471 nec
653 2409 710 2470 has
724 2411 924 2472 contumelias
935 2423 1093 2480 vocamus,

114 2491 173 2551 sed
194 2494 346 2568 argutus:
373 2501 489 2569 quanta
509 2501 609 2554 autem
631 2495 783 2556 dementia
802 2502 850 2554 est
869 2492 979 2553 iisdem
1000 2493 1092 2554 modo

113 2576 274 2651 delectari,
299 2577 391 2637 modo
418 2576 533 2638 offendi
547 2584 578 2637 et
590 2594 654 2638 rem
671 2578 709 2638 ab
724 2579 823 2639 amico
839 2576 950 2638 dictam
968 2577 1093 2638 meledi-

107 2664 332 2733 'ccum‘voenre
347 2677 366 2720 a
381 2663 504 2721 servulo
519 2663 654 2722 ioculare
668 2660 862 2722 conviciumi

103 2784 107 2793 .
194 2744 259 2805 llll:
291 2744 386 2818 Quem
405 2744 538 2805 animum
559 2762 617 2806 nos
637 2747 788 2806 adversus
803 2760 919 2821 pueros
933 2743 1119 2820 habemus!

111 2827 194 2888 hune
208 2830 335 2904 sapiens
350 2829 501 2889 adversus
517 2845 639 2902 omnes,
662 2829 774 2905 quibus
794 2828 884 2889 etiam
901 2836 973 2904 post
986 2827 1090 2890 iuven-

103 2920 174 2972 tam
188 2917 348 2988 canosque
366 2912 522 2988 puerilitas
538 2920 594 2974 est.
630 2930 668 2973 an
693 2914 857 2989 quicquam
882 2913 932 2973 isti
953 2915 1091 2990 proiece—
1149 2921 1152 2925 ’

105 3002 190 3070 runt,
206 2998 317 3073 qulbus
342 3017 360 3048 e
380 2998 471 3058 animi
483 2999 562 3057 mala
572 3006 643 3058 suut
653 2996 796 3073 auctique
807 2999 836 3057 in
848 2997 947 3058 maius
959 3013 1090 3072 errores,

94 3078 165 3163 'qui
181 3098 200 3141 a
214 3081 317 3156 pueris
333 3082 539 3156 magnitudine
554 3088 668 3143 tantum
679 3084 840 3158 formaque
854 3098 1019 3157 corporum
1034 3081 1089 3141 dii-

110 3165 226 3240 ierunt,
250 3173 382 3226 ceterum
401 3182 463 3226 non
482 3167 582 3226 minus
597 3167 665 3240 vagi
687 3167 868 3242 incertique,
890 3166 1092 3241 voluptatium

103 3244 179 3310 *sine
194 3249 314 3309 delectu
329 3249 525 3324 adpetentes,
551 3250 662 3326 trepidi
675 3256 707 3309 et
720 3267 781 3311 non
796 3251 933 3325 ingenio,
958 3252 1015 3310 sed
1029 3251 1091 3311 ior—

102 3327 224 3392 midine
241 3333 355 3409 quieti?
387 3334 452 3394 Non
470 3334 539 3394 ideo
556 3335 720 3410 quicquam
735 3335 894 3395 interillos
912 3334 1121 3409 puerosquei

108 3417 261 3478 interesse
275 3417 346 3494 quis
361 3416 480 3490 dixerit,
497 3419 582 3492 quod
596 3419 654 3478 illis
665 3419 793 3478 telorum
805 3433 955 3478 nucumve
966 3425 997 3477 et
1010 3417 1092 3478 aeris

107 3498 215 3562 minuti
230 3500 356 3562 comitia
371 3506 431 3573 est,
454 3499 502 3562 his
524 3502 590 3562 euri
611 3500 789 3579 argentique
804 3509 834 3563 et
846 3501 976 3562 urbium.
1007 3501 1093 3577 quod
