2438 3968
173 126 234 191 lta
347 128 380 186 L.
402 125 548 186 ANNAEl
572 115 746 186 SENECAE
768 117 872 185 DIAL.
892 115 964 187 Vlla

167 281 232 341 bris
248 280 348 340 vicina
367 282 532 342 transimus
548 279 735 341 offensantes
756 296 794 339 ea
808 279 877 355 ipsa
892 288 973 356 quae
987 270 1145 342 desidera-

139 381 247 434 nmus.
273 362 336 424 Sed
356 379 394 423 ne
408 370 438 423 te
460 380 515 439 per
536 363 710 424 circumitus
725 363 857 438 traham,
878 364 1008 425 allorum
1024 365 1145 441 quidem

170 449 331 524 opiniones
358 447 539 523 praeteribo.
575 463 642 506 nani
669 455 699 507 et
723 462 903 507 enumerare
927 447 997 508 illas
1022 450 1145 524 longum

170 539 218 593 est
232 539 263 592 et
276 547 457 606 coarguere:
480 540 613 591 nostram
628 532 745 605 accipe.
773 541 946 593 nostram
961 538 1065 593 aulem
1080 549 1145 594 cum

169 617 255 689 dico,
278 633 338 676 non
360 616 461 689 adligo
483 631 531 674 me
547 615 585 675 ad
598 632 691 675 unum
706 614 837 692 aliquem
852 631 892 676 ex
907 612 1023 676 Stoicis
1040 631 1144 692 proce

169 701 264 760 ribus.
292 707 340 760 est
360 707 390 758 et
410 699 481 757 mihi
497 699 643 758 censendi
656 698 715 760 ius.
745 700 849 775 itaque
868 698 1003 774 aliquem
1025 715 1146 776 sequar,

171 785 302 859 aliquem
328 783 439 842 iubebo
473 783 652 843 sententiam
677 782 822 844 dividere.
862 784 996 846 fortasse
1022 790 1147 862 etpost

171 884 279 928 omnes
296 868 403 927 citatius
420 865 492 925 nihil
506 865 677 941 inprobabo
693 867 794 940 exiis,
810 883 890 942 quae
905 866 1029 943 priores
1042 868 1146 928 decre-

139 953 283 1024 3verint,
304 957 334 1008 et
355 951 469 1009 dicam:
492 950 571 1023 „hoc
589 952 722 1025 amplius
744 956 888 1012 censeo.“
920 951 1047 1012 Interim
1065 953 1148 1028 quod

172 1037 249 1095 inter
269 1035 368 1094 omnis
382 1033 506 1094 Stoicos
525 1034 685 1105 convenit,
711 1051 811 1094 rerum
833 1041 958 1095 naturae
979 1035 1149 1097 adsentior.

171 1118 210 1178 ab
224 1118 275 1178 illa
290 1134 351 1177 non
367 1118 509 1177 deerrare
524 1126 554 1178 et
568 1119 607 1177 ad
621 1118 701 1178 illius
717 1120 815 1193 legem
830 1119 1072 1195 exemplumque
1087 1120 1146 1180 ior-

171 1201 408 1277 marisapientia
423 1208 485 1261 est:
504 1201 614 1261 beata
630 1209 689 1262 cst
704 1201 888 1276 ergovita
903 1204 1150 1264 conveniens

171 1292 332 1347 naturae
346 1301 455 1358 suae,
473 1300 551 1360 quae
567 1302 627 1345 non
643 1287 729 1345 aliter
741 1287 916 1359 contingere
926 1293 1041 1362 potest,
1056 1304 1150 1363 quam

171 1371 198 1430 si
225 1371 353 1445 primum
378 1385 454 1430 sana
480 1385 565 1429 mens
592 1374 640 1429 est
665 1369 748 1428 etin
773 1376 921 1445 perpetua
941 1370 1151 1444 possessione

171 1453 308 1515 sanitatis
324 1470 408 1527 suae,
424 1453 535 1513 deinde
550 1454 636 1514 lortis
651 1469 688 1512 ac
702 1453 902 1525 vehemens*
917 1462 989 1513 tunc
1006 1453 1144 1530 pulcher

171 1538 246 1597 rima
260 1544 291 1597 et
308 1539 440 1612 patiens,
460 1543 530 1613 apta
544 1536 746 1611 temporibus,
769 1538 909 1612 corporis
930 1537 978 1597 sui
993 1538 1149 1613 pertinen·

172 1621 307 1695 tiumque
332 1621 371 1680 ad
396 1621 427 1681 id
452 1622 574 1681 curiosa
597 1637 658 1680 non
683 1620 781 1680 anxie.
814 1627 877 1680 tum
896 1619 1024 1680 aliarum
1047 1629 1162 1683 rerum'

174 1721 253 1779 quac
272 1705 363 1765 vitam
384 1705 548 1776 instruunt,
574 1703 704 1780 diligens
733 1705 800 1763 sine
825 1703 1027 1765 admiratione
1047 1705 1153 1766 cuius--

142 1793 274 1862 dquam,
291 1804 386 1848 usura
400 1788 540 1849 lonunae
555 1789 746 1859 muneribus,
770 1805 831 1848 non
847 1789 1008 1849 servitura.
1032 1788 1146 1849 intelle·

172 1871 236 1947 gis,
257 1872 374 1931 etiamsi
399 1888 458 1932 non
481 1871 623 1942 adiciam,
646 1871 735 1947 sequi
756 1879 933 1948 perpetuam
949 1870 1146 1948 tranquillita·

172 1963 246 2027 tem,
268 1955 436 2015 libertatem
452 1956 589 2030 depulsis
604 1956 644 2015 iis'
656 1971 735 2030 quae
749 1963 800 2016 aut
814 1956 935 2015 inritant
949 1971 1008 2016 uos
1023 1962 1078 2016 aut
1090 1965 1146 2018 ter-

172 2039 271 2100 ritant.
294 2055 362 2097 nam
384 2040 462 2117 [pro]
486 2039 691 2115 voluptatibus
711 2047 741 2099 et
756 2056 813 2116 pro
831 2040 889 2100 illis
905 2054 984 2115 quae
1000 2055 1100 2116 parvo
1112 2055 1153 2099 ac

173 2122 291 2198 fragilia
308 2130 382 2183 sunt
403 2132 433 2184 et
454 2124 483 2181 in
503 2123 581 2198 ipsis
604 2122 725 2198 flagitiis
741 2123 848 2197 noxia,
875 2122 984 2198 ingens
1001 2123 1153 2199 gaudium

174 2207 269 2278 subit,
296 2206 513 2267 inconcussum
537 2216 567 2267 et
592 2209 729 2283 aequale.
761 2215 823 2268 tum
848 2223 908 2282 pax
932 2214 962 2267 et
981 2207 1147 2268 concordia

174 2292 264 2352 animi
285 2298 315 2350 et
335 2289 511 2366 magnitudo
534 2309 600 2352 oum
618 2292 858 2352 mansuetudine.
888 2290 986 2351 omnis
1006 2293 1088 2351 enim
1109 2306 1152 2351 ex·

173 2374 344 2436 infirmitate
357 2374 460 2436 feritas
476 2386 531 2436 est.

144 2467 160 2522 1
234 2461 285 2519 lv.
315 2459 452 2520 Potest
481 2461 598 2519 aliter
630 2474 785 2534 quoque
815 2456 977 2518 deliniri
1007 2456 1146 2518 bonum

174 2550 362 2614 nostrum,
387 2542 418 2601 id
440 2551 487 2603 est
504 2544 611 2603 eadem
632 2542 781 2602 sententia
801 2557 862 2601 non
885 2540 996 2602 iisdem
1017 2557 1145 2619 oonpre-

173 2625 266 2686 hendi
300 2625 412 2686 verbis.
459 2626 717 2700 Quemadmodum
752 2625 832 2684 idem
868 2623 1020 2686 exercitus
1053 2625 1147 2687 modo

174 2708 262 2770 latius
283 2709 439 2785 panditur,
466 2710 558 2771 modo
583 2709 614 2768 in
640 2719 799 2785 angustum
820 2716 973 2769 coartatur
991 2715 1028 2768 et·
1045 2716 1101 2770 aul
1118 2709 1147 2768 in
1218 2773 1219 2785 χ

175 2809 289 2854 cornua
314 2794 435 2854 sinuata
459 2793 559 2853 media
586 2801 672 2868 parte
696 2799 838 2853 curvatur
862 2800 913 2853 aut
938 2799 1023 2853 reolo
1048 2793 1148 2853 honlo

173 2875 351 2953 explicatur,
368 2877 414 2937 vis
430 2877 487 2952 illi,
504 2885 668 2950 utcumque
684 2877 842 2936 ordinatus
857 2884 918 2950 est,
934 2876 1042 2936 eadem
1057 2885 1106 2937 est
1119 2883 1149 2937 et

174 2962 314 3023 voluntas
341 2977 397 3037 pro
419 2960 527 3021 iisdem
554 2960 690 3036 partibus
712 2959 827 3020 standi:
859 2961 901 3019 ita
920 2959 1016 3021 finitio
1038 2959 1148 3021 summi

173 3045 245 3107 boni
260 3044 336 3106 alias
351 3044 480 3106 diffundi
503 3053 604 3120 potest
624 3053 654 3104 ot
668 3045 837 3119 exporrigi,
857 3044 933 3105 alias
954 3043 1056 3119 colligi
1070 3050 1103 3104 et
1116 3041 1147 3104 in

143 3135 209 3190 ‘ise
231 3129 310 3204 cogi.
347 3129 430 3188 ldem
450 3127 554 3202 itaque
573 3130 643 3201 erit,
670 3130 696 3188 si
717 3129 838 3189 dixero:
861 3144 1013 3189 summum
1033 3127 1147 3190 bouum

174 3220 222 3273 est
237 3213 356 3273 animus
371 3213 492 3274 fortuita
506 3212 690 3288 despiciens,
710 3211 817 3272 virtute
832 3212 938 3287 laetus,
953 3218 1021 3272 aut:
1034 3209 1155 3272 invicta·

175 3295 221 3354 vis
237 3295 342 3368 animi,
365 3297 462 3371 perita
475 3312 589 3370 rerum,
612 3297 732 3371 placida
752 3297 782 3356 in
796 3303 866 3356 actu
880 3312 948 3358 cum
962 3294 1158 3356 humanitate

175 3380 268 3440 multa
282 3388 313 3439 et
328 3381 571 3440 conversantium
587 3396 667 3440 cura.
689 3381 761 3440 libet
775 3388 805 3440 et
818 3381 857 3439 ita
870 3379 965 3444 linire.
981 3387 1014 3439 ut
1025 3379 1156 3440 beotuou
