2438 3968
251 251 531 311 nPIGRAMMATn
555 250 677 312 SUPER
697 248 835 311 Exitio.
964 248 1025 311 263

150 417 202 460 vn.
299 417 342 460 nn
364 417 574 469 nunnrrnrn
595 415 791 459 rauronrs.

105 485 213 545 Omnia
228 493 346 559 tempus
362 485 440 544 edax
455 485 644 559 depascitur,
666 483 767 544 omnia
781 483 891 558 carpit,

150 567 254 628 Omnia
269 569 342 627 sede
357 575 471 640 movet,
493 570 533 626 nil
550 567 621 628 sinit
634 582 705 627 esse
719 568 779 627 diu.

109 653 241 711 Flumina
257 653 410 724 deficiunt,
435 653 593 726 profugum
608 668 690 710 mare
706 651 803 711 tittora
817 650 923 723 siccat,

149 734 316 807 Subsidunt
330 744 447 796 montes
462 743 491 794 et
505 736 575 809 iuga
589 736 671 794 celsa
685 740 784 795 ruunt.

107 819 183 892 Quid
196 829 256 879 tam
272 835 366 894 parva
379 820 509 893 loquore
530 820 625 878 moles
640 818 842 894 pulcherrima
856 816 933 878 coeli
1009 826 1026 878 a

148 903 274 978 Ardebit
288 902 416 962 ilammis
430 909 492 962 tcta
505 908 630 976 repente
645 903 718 963 suis.

106 985 212 1046 Omnia
226 1002 308 1046 mors
323 987 432 1061 poscit.
465 987 528 1046 Lex
543 993 604 1060 est,
624 1003 685 1045 non
700 1001 814 1061 poena,
836 984 952 1060 perire:

146 1071 202 1129 Hie
217 1071 319 1145 aliquo
334 1071 464 1130 mundus
480 1071 616 1145 tempore
629 1071 730 1129 nullus
746 1068 810 1129 erit.
1046 1064 1049 1072 ’

146 1170 213 1212 v111.
474 1169 607 1213 voruu.

101 1237 157 1298 *Sic
172 1237 243 1297 mihi
258 1237 297 1297 sit
310 1237 402 1296 trater
415 1236 572 1312 maiorque
586 1239 745 1313 minorque
759 1242 931 1312 superstes,

146 1322 184 1380 Et
197 1322 235 1380 de
249 1337 297 1380 me
312 1321 413 1380 doleat
427 1321 467 1379 nil
481 1322 540 1380 nisi
554 1329 648 1382 morte
663 1337 738 1381 mea.

104 1403 157 1465 Sic
172 1406 240 1465 illos
256 1405 387 1478 vincam,
411 1406 456 1465 sic
469 1407 573 1466 vincar
586 1421 692 1465 rursus
708 1404 854 1464 amando:

146 1488 267 1548 Mutuus
282 1488 360 1548 inter
373 1504 430 1549 nos
448 1489 492 1549 sic
507 1489 584 1548 bene
599 1495 692 1548 certet
708 1504 801 1549 arnor.

100 1571 155 1631 Sic
173 1573 253 1631 dulci
268 1572 402 1644 Marcus,
428 1573 479 1648 qui
494 1587 573 1631 nunc
588 1587 728 1632 sermone
742 1571 879 1642 fritinnit,
1009 1578 1029 1631 a

144 1655 289 1715 Facundo
304 1663 429 1731 patruos
446 1664 593 1730 provocet
607 1672 660 1716 ore
674 1657 762 1715 duos.
1053 1651 1055 1657 '

147 1757 188 1797 rx.
400 1756 446 1798 nn
469 1755 678 1798 connuann.

99 1823 246 1883 Corduba
261 1823 348 1884 solve
362 1839 465 1884 comas
481 1831 509 1884 et
523 1823 625 1883 tristes
641 1824 733 1883 indue
745 1823 861 1885 voltus:

147 1908 341 1967 inlacrimans
357 1907 450 1967 cineri
465 1923 589 1967 munera
603 1907 685 1967 mitte
699 1923 776 1967 meo.

103 1990 190 2051 Nunc
203 1991 370 2066 longinqua
384 1999 467 2051 tuum
483 1992 621 2065 deplora,
645 1991 799 2066 Corduba,
822 1998 935 2068 vatem,

147 2075 302 2150 Corduba,
317 2092 377 2136 non
393 2077 451 2135 atio
464 2082 601 2149 tempore
615 2080 734 2136 moesta
747 2075 861 2150 tnagis:

99 2159 250 2233 Tempore
265 2176 324 2220 non
339 2158 406 2234 iiic,
428 2176 488 2234 quo
502 2160 583 2219 versi
598 2158 715 2219 viribus
731 2160 813 2220 orbis
1007 2172 1025 2223 a

145 2243 283 2304 Incubuit
295 2243 367 2303 belli
381 2252 444 2304 tota
457 2243 544 2303 ruina
557 2243 624 2315 tibi,

103 2326 176 2383 Cum
191 2327 317 2399 geminis
334 2343 484 2402 oppressa
496 2326 583 2386 malis
598 2327 747 2400 utrimque
763 2325 898 2400 peribas.

145 2408 182 2467 Et
193 2407 245 2468 tibi
259 2409 436 2485 Pompeius,
459 2411 570 2470 Caesar
584 2417 614 2469 et
626 2409 724 2469 hostis
739 2417 812 2469 erat.

99 2493 251 2567 ‘Tempore
265 2510 324 2553 non
339 2494 404 2567 itio,
427 2510 488 2568 quo
504 2502 549 2554 ter
563 2493 614 2552 tibi
630 2494 734 2550 tnnera
749 2500 867 2552 centurn

145 2576 212 2635 Heu
227 2593 288 2637 nox
302 2593 362 2636 una
377 2577 472 2651 dedit,
493 2592 572 2651 quae
586 2574 638 2635 tibi
653 2591 771 2636 summa
786 2576 849 2636 iuit.
992 2586 1026 2638 10

104 2659 183 2734 Non,
204 2659 367 2720 Lusitanus
383 2669 520 2735 quateret
535 2675 602 2720 curn
616 2657 737 2720 moenia
750 2660 841 2734 tatro,

144 2742 265 2819 Figeret
279 2751 308 2802 et
320 2752 425 2819 portas
440 2746 546 2804 lancea
558 2750 637 2804 torta
651 2752 728 2804 tuas.

102 2828 155 2885 iile
168 2835 238 2888 tuns
253 2827 405 2902 quondam
419 2844 562 2902 magnus,
582 2836 632 2888 tua
646 2826 756 2903 gloria,
779 2829 853 2889 civis

144 2911 257 2986 infigar
270 2913 409 2986 scopulo.
446 2911 587 2972 Corduba
602 2913 689 2972 solve
705 2927 822 2987 comnS,

103 2994 271 3070 Etgratare
285 2996 352 3070 tibi,
376 2995 459 3072 quod
474 3003 503 3055 te
517 3003 623 3056 natura
641 3011 784 3071 supremo
992 3007 1024 3058 15

145 3081 237 3140 Aliuit
252 3095 381 3140 oceano:
404 3079 520 3140 tardius
535 3080 593 3140 ista
608 3080 705 3140 dotes.

436 3340 641 3352 m
