2438 3968
195 259 249 320 AD
264 257 462 320 POLYBlUM
476 259 526 319 DE
542 257 841 321 CONSOLATIONE.
857 269 900 323 18.
971 258 1033 323 237

124 411 223 484 llaec,
237 418 403 486 utcumque
416 409 511 485 potui,
527 410 619 484 longo
634 408 693 468 iam
708 409 768 469 situ
783 409 922 471 obsoleto
938 418 968 470 et
982 408 1063 471 lie-9

62 501 165 555 beloto
187 492 287 554 animo
310 495 470 568 conposui.
504 509 583 568 quae
605 492 632 552 si
653 499 705 552 aul
720 509 828 567 parum
843 496 1036 569 respondere
1115 492 1147 573 j

60 576 186 653 ingenio
208 585 261 638 tuo
283 584 335 637 aut
349 593 455 653 parum
470 577 583 637 mederi
599 577 697 637 dolori
711 576 908 652 videbuntur,
925 577 1035 653 cogita,

61 677 153 738 quarn
178 677 239 722 non
265 661 366 736 possit
387 663 414 720 is
435 661 554 720 alienae
571 675 684 719 vacare
698 661 917 736 consolationi,
944 678 1036 736 quem

61 761 119 807 sua
134 747 213 804 mala
228 753 410 819 occupatum
424 750 545 818 tenent,
566 751 597 803 et
616 761 706 819 quam
720 759 782 803 non
797 745 887 805 facile
901 745 994 804 latina
1008 745 1036 805 ei

59 829 175 890 homini
196 829 289 889 verba
311 835 506 898 succurrant,
535 843 625 903 quem
644 828 845 888 barbarorum
860 828 1035 890 inconditus

60 920 91 972 et
105 913 243 973 barbaris
260 928 385 987 quoque
400 911 629 973 humanioribus
644 912 749 986 gravis
761 913 895 974 fremitus
908 913 1033 972 circum-

61 1003 160 1056 sonat.

462 1091 646 1101 ..u-nn·—

354 1197 389 1278 l.
408 1194 547 1278 lllllllll
568 1193 738 1278 llllldlll

210 1344 576 1443 llllltttlttltllll
606 1344 776 1437 libuli
805 1344 889 1438 llll.

283 1519 339 1570 xo
370 1519 591 1570 nunvun
618 1518 818 1570 nuruum

390 1638 433 1702 lll
450 1635 714 1704 dllllSllllllllllll.

477 1769 627 1777 ——.-——-

127 1845 149 1902 l.
173 1842 274 1917 Saepe
288 1841 357 1912 iam,
374 1849 468 1901 mater
483 1841 606 1916 optima,
621 1842 754 1916 inpetum
772 1842 839 1916 cepi
856 1843 1036 1903 consolandi
1049 1854 1064 1905 1

64 1938 108 2000 te,
134 1941 229 2001 saepe
250 1924 392 1985 continui.
426 1934 459 1985 ut
478 1925 637 1997 auderem,
663 1928 756 1986 multa
772 1940 821 1984 nre
835 1924 1035 2000 inponebant:

64 2013 194 2086 primurn
207 2009 336 2069 videbar
348 2007 546 2083 depositurus
563 2009 664 2068 omnia
678 2009 886 2081 incommoda,
910 2024 979 2069 cum
993 2011 1036 2070 la·

64 2095 173 2155 crimes
195 2102 277 2167 tuas,
299 2091 418 2153 etiamsi
433 2093 624 2169 supprimere
639 2109 700 2153 non
714 2093 897 2169 potuissem,
918 2092 1036 2153 interim

64 2189 145 2239 certe
160 2176 384 2239 abstersissem.
417 2176 529 2239 deinde
545 2179 615 2252 plus
630 2177 801 2237 habiturum
812 2192 861 2235 me
875 2177 1036 2237 auctorita-

65 2263 102 2323 tis
122 2279 184 2324 non
204 2260 377 2321 dubitabam
394 2261 434 2320 ad
448 2261 638 2321 excitandam
656 2269 700 2333 te,
723 2260 750 2322 si
769 2263 853 2336 prior
873 2261 941 2336 ipse
965 2276 1036 2320 con-

65 2346 278 2406 surrexissem.
313 2352 471 2418 praeterea
489 2343 646 2418 timebam,
668 2360 707 2403 ne
727 2360 808 2404 ame
823 2342 903 2403 victa
917 2345 1038 2404 fortuna

65 2430 196 2504 aliquem
212 2442 348 2487 meorum
363 2427 507 2488 vinceret.
530 2428 633 2503 itaque
647 2435 811 2502 utcumque
827 2428 960 2486 conabar
973 2443 1036 2487 ma-

64 2530 106 2573 nu
132 2527 226 2586 super
251 2510 372 2586 plagam
398 2527 494 2572 meam
520 2513 654 2586 inposita
674 2512 713 2570 ad
734 2510 897 2585 obliganda
910 2513 1038 2572 volnera

64 2604 169 2656 vestra
182 2601 314 2670 reptare.
336 2595 402 2654 lloc
414 2595 605 2670 propositum
621 2611 721 2655 meum
736 2602 822 2654 orant
834 2611 941 2655 rursus
958 2601 1065 2670 quaec

63 2680 267 2741 retardarent:
296 2677 393 2738 dolori
414 2685 485 2750 tuo,
512 2681 582 2739 durn
603 2694 713 2738 recens
729 2679 876 2751 saeviret,
904 2678 1039 2739 sciebam

69 2762 292 2825 occurrendum
307 2777 367 2822 non
383 2777 470 2835 esse,
486 2780 524 2822 ne
540 2763 622 2822 illum
636 2763 704 2838 ipsa
719 2761 995 2823 solatiainritarent
1009 2769 1040 2823 et

65 2847 279 2908 accenderent.
302 2861 370 2904 uam
385 2846 415 2904 in
427 2846 542 2907 morbis
556 2863 679 2922 quoque
692 2846 764 2907 nihil
777 2853 824 2906 est
836 2846 1038 2920 perniciosius

66 2947 158 3007 quarn
172 2932 322 2990 inmatura
336 2929 494 2989 medicina.
518 2931 734 3005 exspectabam
750 2931 866 3005 itaque,
883 2930 955 2990 dum
970 2930 1038 3004 ipse

64 3017 147 3075 vires
163 3031 236 3076 suas
252 3014 406 3087 frangeret
419 3020 449 3072 et
463 3015 500 3073 ad
517 3014 696 3074 sustinenda
710 3014 845 3074 remedia
858 3030 946 3075 mora
959 3012 1037 3073 miti-

64 3107 154 3176 gatus
169 3098 251 3174 tangi
269 3112 304 3158 se
319 3112 356 3157 ac
370 3099 490 3157 tractari
505 3104 664 3172 pateretur.
687 3105 845 3173 praeterea
856 3112 925 3159 cum
937 3096 1039 3159 omnia

66 3183 304 3244 clarissimorum
324 3182 516 3258 ingeniorum
538 3191 732 3242 monumenta
746 3182 785 3241 ad
801 3180 1037 3257 conpescendos

65 3269 334 3341 moderandosque
360 3267 459 3326 luctus
485 3266 647 3341 conposita
666 3267 855 3338 evolverem,
876 3281 937 3326 non
953 3267 1037 3326 inve·

66 3351 185 3412 niebam
199 3351 371 3425 exemplum
380 3350 455 3425 eim,
465 3350 516 3426 qui
524 3351 702 3411 consolatus
710 3366 785 3410 suos
793 3357 884 3422 esset,
893 3366 961 3411 curn
969 3349 1038 3425 ipse

66 3435 106 3494 ab
130 3435 190 3496 illis
211 3437 450 3510 conploraretur.
483 3436 527 3495 lta
548 3435 577 3492 in
600 3450 633 3495 re
654 3450 735 3493 nova
748 3433 936 3496 haesltabam
951 3445 1065 3499 vere-3

64 3519 197 3595 barque,
220 3536 258 3581 ne
279 3518 355 3579 haec
377 3536 437 3579 non
459 3519 628 3579 consolatio
650 3525 747 3591 esset,
769 3518 826 3578 sed
840 3517 1037 3579 exulceratio.
