2438 3968
195 239 257 302 ilo
485 239 515 298 t.
535 237 682 298 ANNAEI
703 236 881 301 SENECAE

193 409 256 455 non
270 391 386 468 gloriae
400 408 525 465 memor,
547 409 608 452 non
629 393 772 454 infamiae
785 400 939 471 metucns,
960 398 1173 464 inemeudeti

193 477 240 551 lis,
255 492 322 536 cum
338 490 377 535 ex
390 474 435 536 ira
448 477 478 536 in
496 476 597 537 odium
613 476 764 538 obcalluit.

164 571 176 621 t
260 559 346 619 XLll.
370 560 534 621 Careamus
554 559 614 621 hoc
634 562 714 621 malo
735 577 970 639 purgemusque
994 576 1171 631 mentemet

193 644 398 719 exstirpemus
411 645 566 716 radicitus
583 660 662 720 quae
678 645 817 719 quamuis
834 648 941 708 tenuia
954 650 1171 729 undecumque

193 729 355 800 haeserint,
370 736 577 789 renascentur.
613 735 643 788 et
656 729 731 788 iram
746 746 806 790 non
819 737 1056 811 temperemus,
1072 738 1128 799 sed
1138 752 1170 799 ex

192 819 255 874 tcto
269 827 492 872 removeamus.
522 813 606 886 quod
625 813 706 873 euim
720 814 817 874 malae
831 814 876 875 rei
893 822 1170 892 temperamentum

161 903 259 958 uestt
273 896 440 971 poterimus
452 901 561 970 autem,
576 895 747 956 adnitamur
757 897 859 959 modo.
887 898 954 959 Nec
967 903 1041 963 ulla
1057 920 1168 966 resme

192 979 240 1055 gis
257 980 393 1054 proderit
407 996 498 1053 quam
514 979 656 1054 cogitatio
670 981 869 1041 mortaiitatis.
899 982 962 1043 sibi
977 985 1125 1064 quisquc
1135 997 1169 1049 at·

194 1080 254 1138 que
267 1063 352 1122 alteri
368 1063 462 1123 dicat=
491 1063 569 1136 Quid
589 1063 672 1123 iuvat
686 1071 838 1139 tamquam
852 1065 882 1125 in
904 1073 1080 1131 aeternum
1096 1071 1168 1148 geni

192 1153 242 1209 tos
255 1147 318 1206 iras
332 1145 467 1206 indicere
481 1154 512 1206 et
525 1146 735 1208 brevissimam
749 1155 876 1209 aetatem
891 1148 1086 1227 dissiparet
1108 1154 1170 1233 qnid

192 1231 275 1292 iuvat
288 1231 363 1304 dies,
386 1231 508 1305 quasin
524 1234 710 1306 voluptatem
724 1232 882 1293 honestam
901 1229 1091 1310 inpendere
1103 1239 1170 1312 lieet,

192 1315 222 1375 in
243 1314 380 1377 dolorem
400 1314 527 1374 alicuius
547 1322 790 1390 temnentemque
809 1317 1015 1395 transferret,
1045 1339 1111 1386 non
1129 1339 1168 1383 ca·

160 1410 177 1464 3
191 1401 277 1476 piunt
288 1415 339 1459 res
354 1400 432 1459 istae
447 1399 592 1459 iactumm
612 1416 668 1459 nee
683 1408 804 1474 tempus
818 1407 908 1461 vacat
924 1398 1083 1477 perdere.
1101 1406 1169 1482 prid

192 1485 307 1545 ruimus
329 1484 359 1543 in
382 1489 535 1558 pugnam?
566 1483 640 1558 quid
661 1484 825 1543 certamina
843 1482 933 1546 nobis
955 1491 1171 1553 arcessimnst
1213 1556 1215 1563 ,

194 1567 266 1645 quid
289 1567 489 1629 inbecillitatis
510 1568 593 1628 obliti
618 1567 751 1642 ingentia
771 1568 842 1628 odia
862 1568 1066 1645 suscipimus
1088 1583 1120 1636 et
1138 1572 1169 1634 ed

78 1679 84 1689 ·
193 1653 391 1728 frangendum
413 1652 535 1726 fragiles
551 1652 785 1726 consurgimus?
811 1650 869 1711 iam
886 1652 964 1714 istas
985 1654 1168 1727 inimicitias,

194 1752 272 1811 quas
290 1735 464 1810 inplacabili
477 1736 612 1810 gerimus
627 1735 737 1806 animo,
754 1735 846 1796 febris
867 1741 920 1796 aut
939 1738 1081 1815 aliquod
1097 1742 1168 1805 elim

192 1821 302 1880 malum
323 1819 462 1892 corporis
479 1819 591 1879 vetabit
611 1820 684 1894 geri.
708 1820 767 1878 iam
788 1835 844 1894 par
865 1822 1061 1886 acerrimum
1079 1826 1168 1887 mede

86 1911 93 1926 ·
162 1919 276 1971 omors
292 1903 418 1962 dirimet.
453 1902 530 1976 Quid
545 1905 760 1963 tumultuamur
774 1910 805 1964 et
817 1903 910 1963 vitam
930 1905 1085 1970 seditiosi
1106 1925 1168 1970 con·

193 1986 369 2047 turbamus?
388 1992 447 2046 stat
460 2002 555 2060 supra
566 1995 657 2061 caput
672 1989 763 2047 tatum
779 1992 809 2047 et
822 1987 981 2062 pereuntis
996 1991 1077 2054 dies
1091 1995 1168 2070 inpu

194 2078 237 2132 tut
257 2070 447 2146 propiusque
467 2086 503 2129 ac
524 2071 651 2145 propius
673 2071 799 2131 aceedit.
834 2069 916 2131 istud
936 2081 1071 2150 tempus
1091 2077 1167 2155 qnod

194 2156 311 2215 alienae
326 2154 462 2214 destinas
477 2153 574 2226 morti,
590 2155 722 2215 sortasse
737 2154 818 2216 circa
831 2162 912 2215 tuam
926 2163 986 2216 est.

164 2255 176 2306 1
254 2238 355 2299 XLlll.
377 2236 453 2311 Quin
466 2238 566 2312 potius
579 2239 669 2299 vitam
679 2238 803 2299 brevem
818 2239 935 2314 colligis
952 2244 1168 2321 placidamque

193 2331 224 2382 et
234 2323 287 2383 tibi
305 2331 336 2383 et
349 2321 459 2382 ceteris
478 2329 636 2398 praestas?
657 2323 729 2398 quin
746 2323 847 2398 potius
863 2324 1026 2386 amabilem
1044 2335 1088 2403 te,
1101 2330 1168 2390 dnn

193 2408 281 2479 vivis,
304 2405 453 2480 omnibus,
476 2406 718 2480 desiderabilem,
740 2424 808 2468 cum
829 2410 1013 2484 excesseris,
1038 2413 1170 2473 reddist

194 2492 271 2565 Quid
285 2491 367 2552 illum
383 2491 471 2550 nimis
487 2506 525 2549 ex
539 2493 599 2552 alto
614 2499 713 2552 tecum
728 2499 864 2567 agentem
880 2492 1047 2555 detrahere
1064 2497 1169 2572 cupist

194 2577 268 2651 quid
282 2575 365 2636 illum
382 2575 578 2636 oblatrantem
592 2575 655 2647 tibi,
677 2576 818 2635 humilem
839 2575 960 2649 quidem
983 2584 1014 2637 et
1034 2587 1168 2641 eonten-

195 2668 287 2734 ptum,
304 2660 359 2718 sed
373 2659 585 2734 superioribus
598 2659 716 2720 acidum
732 2675 768 2719 ac
783 2659 943 2720 molestum
957 2663 1167 2724 exterrerent·

193 2744 276 2804 ribus
291 2742 351 2803 tuis
365 2749 516 2817 temptas?
544 2743 620 2817 Quid
638 2759 738 2814 servo,
756 2743 829 2818 quid
845 2742 978 2816 domiuo,
999 2747 1084 2820 quid
1097 2746 1168 2823 regi,

194 2827 268 2903 quid
287 2827 386 2887 clienti
412 2834 463 2888 tuo
485 2825 649 2886 irasceris?
675 2827 791 2887 sustine
817 2828 954 2901 paulum=
987 2831 1080 2892 uenit
1100 2843 1170 2891 eece

161 2918 276 2972 umens
292 2926 371 2986 quae
385 2927 442 2971 vos
458 2926 549 2985 pares
565 2909 663 2970 iaciat.
693 2910 808 2970 Videre
822 2912 958 2972 solemus
973 2912 1060 2973 inter
1071 2922 1168 2977 matu

192 2996 255 3056 tina
269 3010 380 3055 arenae
395 2996 571 3069 spectacula
585 2995 662 3054 tauri
677 3002 707 3054 ct
719 2994 783 3054 ursi
799 3011 931 3070 pugnam
945 2992 1026 3056 inter
1041 3014 1084 3061 se
1097 3012 1170 3061 een·

193 3081 366 3155 ligatorum,
391 3094 470 3153 ques
486 3093 555 3138 cum
570 3080 645 3138 alter
659 3080 783 3141 alterum
806 3081 936 3150 vexarit,
958 3095 1038 3141 suus
1065 3082 1171 3145 eunie-

194 3162 530 3237 ctorexspeetatzidem
539 3161 674 3236 lecimus,
689 3163 818 3237 aliquem
830 3162 989 3224 nobiscum
998 3166 1172 3244 adligatum
1212 3206 1215 3239 r

193 3246 383 3319 lacessimus,
398 3262 466 3306 cum
482 3247 561 3306 victo
572 3246 743 3322 victorique
757 3247 825 3306 finis
842 3247 1012 3323 etquidem
1025 3260 1171 3315 metune
1213 3316 1215 3323 ,

193 3329 345 3390 inmineat.
375 3330 466 3405 quieti
481 3330 583 3405 potius
603 3332 763 3406 pacatique
784 3332 1105 3411 quantulumcumque
1122 3352 1171 3399 sn·
1213 3328 1215 3389 :

193 3421 305 3490 penest,
323 3415 489 3489 exigamus.
519 3415 591 3474 nulli
613 3415 745 3474 cadaver
758 3422 894 3476 nostrum
908 3416 1008 3477 iaceat
1022 3417 1171 3484 invisum.
1212 3394 1215 3483 l

162 3506 179 3562 il
193 3498 294 3574 Saepe
308 3499 404 3558 rixam
420 3500 640 3559 conclamatum
656 3497 687 3557 in
703 3498 803 3560 vicino
825 3499 997 3560 incendium
1020 3505 1125 3569 soluit
1146 3510 1174 3567 et
1213 3504 1215 3537 ²
