2438 3968
136 253 196 319 lta
323 255 356 314 L.
375 256 522 316 ANNAEI
544 257 719 318 SENECAE
743 254 845 316 litat.
865 255 915 313 tx.

132 406 159 466 si
181 413 300 481 tempus
324 407 354 464 in
375 407 476 467 studia
493 407 652 480 conteras,
675 406 758 481 quod
778 403 961 466 subduxeris
982 401 1106 475 oiticiiS,

132 506 194 550 non
209 488 384 550 deserueris
400 505 458 550 nec
472 507 583 551 munus
599 489 828 551 detrectaveris.
848 486 1039 562 nequeenim
1053 486 1106 544 itte

132 574 217 634 sotus
230 571 350 646 militat,
365 573 459 648 quiin
471 574 538 633 acie
552 581 613 636 stat
624 581 655 633 et
666 589 762 634 cornu
773 573 912 632 dextrum
922 571 1106 643 laevumque

132 656 281 729 defendit,
302 657 360 716 sed
375 657 426 732 qui
441 665 546 732 portas
560 663 661 719 tuetur
674 664 706 718 et
719 656 850 718 statione
869 654 970 715 minus
986 655 1105 730 pericu·

131 741 213 811 losa,
226 755 287 835 non
296 739 396 800 otiosa
405 747 506 800 tamen
518 741 652 815 iungitur
663 740 845 816 vigiliasque
855 746 959 800 servat
968 747 999 799 et
1008 753 1106 796 arma-

130 829 277 918 mentario
290 830 427 897 praeest:
445 839 524 899 quae
535 824 703 886 ministeria
713 823 853 899 quamvis
865 823 1024 882 incruenta
1036 821 1106 895 sint,

103 914 162 969 61n
181 921 340 1001 numerum
355 906 575 982 stipendiorum
588 908 723 969 veniunt.
753 907 786 969 Si
802 914 831 969 te
845 908 886 968 ad
899 906 1002 966 studia
1015 920 1106 963 revo-

132 1003 266 1083 cavems,
289 1004 379 1048 omne
392 989 473 1050 vitae
487 992 641 1052 fastidium
655 989 802 1067 effugeris
820 1007 877 1052 nec
897 997 1019 1051 noctem
1040 987 1107 1049 fieri

122 1070 253 1145 ‚optabis
267 1072 369 1134 taedio
383 1073 470 1148 lucis,
485 1091 543 1135 nec
553 1076 606 1135 tibi
617 1076 719 1150 gravis
734 1076 795 1135 eris
809 1091 867 1135 nec
878 1074 945 1134 aliis
958 1088 1107 1148 superva-

132 1169 219 1214 cuus.
245 1156 355 1250 multos
366 1156 396 1214 in
412 1157 572 1218 amicitiam
585 1159 728 1219 adtrahes
740 1157 919 1234 adfluetque
934 1158 974 1217 ad
984 1166 1015 1216 te
1029 1157 1104 1232 opti·

132 1252 200 1296 mus
216 1254 356 1313 quisque.
378 1256 543 1316 numquam
558 1242 637 1302 enim
650 1242 790 1317 quamvis
805 1243 938 1303 obscura
950 1242 1050 1301 virtus
1065 1243 1107 1299 la·

132 1326 190 1416 tot,
208 1321 265 1380 sed
279 1323 366 1419 mittit
381 1325 429 1384 sui
443 1324 545 1400 signa:
565 1325 706 1400 quisquis
723 1327 833 1401 dignm
849 1326 953 1399 fuerit,
970 1325 1109 1399 vestigiis

104 1405 214 1470 titiam
229 1407 358 1503 colliget.
389 1408 465 1468 Nam
479 1410 506 1470 si
516 1425 637 1470 omnem
653 1411 918 1471 conversationem
928 1409 1064 1470 tollimus
1078 1415 1110 1468 et

133 1501 238 1561 generi
264 1491 395 1553 humano
419 1493 627 1554 renuntiamus
647 1494 841 1570 vivimusque
861 1494 892 1553 in
913 1509 972 1554 nos
992 1499 1110 1553 tantum

135 1575 294 1670 conversi,
315 1583 462 1652 sequetur
474 1577 555 1638 hanc
569 1576 764 1638 solitudinem
786 1579 869 1638 omni
883 1578 987 1637 studio
1002 1591 1109 1636 caren-

134 1662 195 1715 tem
212 1659 316 1734 mopia
336 1675 437 1722 rerum
457 1662 656 1738 agendarum:
684 1662 865 1737 incipiemus
887 1660 1030 1721 aediticia
1051 1660 1111 1719 alia

137 1754 268 1817 ponere,
293 1743 353 1804 aiia
378 1745 557 1807 subvertere
583 1753 614 1806 et
638 1761 722 1806 mare
742 1745 927 1806 submovere
953 1752 985 1804 et
1009 1759 1111 1818 aquas

134 1832 243 1915 contra
262 1828 470 1890 difficultatem
490 1831 627 1891 locorum
642 1829 771 1890 educere
786 1835 816 1887 et
829 1830 908 1888 maie
924 1827 1111 1902 dispensare

107 1914 274 1985 Stempus‚
305 1914 389 1988 quod
413 1914 502 1976 nobis
528 1921 637 1975 natura
660 1913 900 1974 consumendum
929 1911 1030 1972 dedit:
1060 1910 1112 1968 atii

138 2008 232 2092 parce
253 1995 305 2059 iilo
320 1997 453 2073 utimur,
480 1999 529 2058 aiii
550 1999 688 2074 prodige.
715 1996 765 2055 atii
785 1996 831 2056 sic
844 1995 1057 2070 inpendimus,
1077 2000 1113 2052 ut

139 2095 297 2156 possimus
312 2083 460 2144 rationem
475 2083 620 2157 reddere,
635 2082 700 2157 aiii,
714 2088 748 2140 ut
762 2079 861 2139 nutias
876 2079 1046 2138 habeamus
1062 2092 1111 2136 re-

139 2163 265 2245 liquias,
287 2185 347 2244 qua
366 2184 401 2227 re
421 2166 494 2227 nihil
507 2167 625 2243 turpius
641 2172 697 2225 ast.
725 2178 819 2238 saepe
833 2163 960 2238 grandis
975 2169 1047 2222 natu
1062 2176 1112 2220 se·

77 2293 81 2303 ·
126 2267 200 2339 ‘nex
213 2255 327 2316 nulium
349 2253 431 2314 aliud
451 2251 542 2313 habet
562 2255 785 2326 argumentum,
806 2262 868 2322 quo
883 2262 920 2306 se
933 2247 1046 2321 probet
1058 2243 1113 2303 diu

138 2337 275 2412 vixisse,
291 2341 590 2416 praete1·aetatem.“

113 2433 129 2486 l
202 2425 254 2485 IV.
277 2424 366 2497 Mihi,
382 2421 538 2483 carissime
553 2419 681 2491 Serene,
697 2414 785 2476 nimis
796 2413 917 2474 videtur
928 2410 1114 2472 submisisse

141 2509 329 2587 temporibus
354 2523 389 2568 se
408 2505 640 2574 Athenodorus,
670 2498 759 2561 nimis
784 2499 843 2558 cito
863 2496 1028 2571 refugisse.
1067 2495 1113 2554 Na

141 2609 200 2670 ego
220 2593 393 2671 negaverim
416 2589 580 2664 aliquando
602 2585 785 2655 cedendum,
808 2581 865 2642 sed
884 2580 1001 2640 sensim
1015 2580 1114 2638 relato

142 2679 239 2753 gradu
251 2686 281 2739 et
294 2675 388 2739 salvis
404 2673 515 2749 signis,
530 2672 616 2732 salva
631 2667 747 2729 militari
762 2665 919 2741 dignitate:
941 2663 1114 2724 sanctiores

145 2762 335 2838 tutioresque
357 2765 428 2820 sunt
447 2755 586 2817 hostibus
606 2754 686 2823 suis,
710 2749 762 2826 qui
782 2750 812 2808 in
828 2748 921 2808 tidem
935 2763 1005 2808 cum
1020 2746 1115 2806 armis

144 2845 278 2907 veniunt,
307 2846 366 2906 hoc
390 2849 462 2918 puto
483 2838 585 2899 virtuti
609 2836 781 2896 faciendum
801 2832 1006 2907 studiosoque
1019 2830 1114 2890 virtu-

116 2931 193 2992 atis.
215 2929 253 2990 Si
270 2923 519 3004 praevalebit
533 2924 691 2982 fortuna
705 2927 743 2979 et
757 2911 1115 2993 praecidetagendi

145 3015 387 3084 facultatem,
421 3023 494 3068 non
527 3003 659 3066 statim
684 3017 847 3062 aversus
872 3000 1115 3073 inermisque

146 3099 272 3173 fugiat
285 3093 462 3156 latebras
479 3102 687 3165 quaerens,
704 3085 791 3161 quasi
806 3085 983 3144 uiiustocus
995 3082 1043 3155 sit,
1059 3081 1114 3155 [in]

148 3197 209 3255 quo
229 3198 292 3240 non
314 3175 414 3255 possit
429 3177 549 3236 fortuna
565 3170 724 3246 persequi,
747 3170 803 3230 sed
818 3167 941 3243 parcius
956 3183 991 3228 se
1006 3166 1117 3225 inierat

114 3263 256 3324 edificiis
271 3270 383 3324 etcum
397 3259 516 3320 delectu
530 3254 664 3316 inveniat
676 3252 806 3328 aliquid,
823 3252 853 3312 in
868 3267 930 3326 quo
944 3250 1026 3312 utitis
1040 3247 1115 3309 civi·

147 3344 200 3406 tati
214 3347 262 3407 sit.
287 3343 414 3405 militare
425 3359 487 3404 non
501 3341 584 3401 iicet:
606 3340 739 3399 honores
758 3341 848 3412 petat.
877 3333 995 3410 privato
1010 3336 1115 3394 viven-

149 3431 221 3490 dum
235 3435 297 3488 est:
314 3427 352 3488 sit
367 3435 477 3487 orator.
505 3425 656 3485 sitentium
671 3422 815 3481 indictum
832 3427 894 3480 est=
914 3417 1114 3480 tacitaadvo-

149 3514 268 3574 catione
289 3510 373 3572 cives
393 3510 483 3570 iuvet.
518 3507 724 3583 periculosum
745 3504 834 3564 etiam
855 3504 997 3577 ingressu
1018 3502 1116 3561 iorum
