2438 3968
195 267 237 331 6⁶
482 267 515 325 L.
538 267 683 326 ANNAEI
706 265 880 326 SENECAE

196 435 285 494 quam
300 433 411 492 graves
426 423 496 477 sunt
510 417 703 491 levioresque
717 416 789 476 dum
802 414 959 490 incipiunt.
984 413 1084 477 siccis
1100 424 1181 479 aeta·

196 503 275 562 tibus
290 502 454 560 vehemens
468 502 656 574 robustaque
670 500 716 559 ira
730 507 792 572 est,
812 499 868 560 sed
888 498 955 558 sine
973 500 1181 575 incremento,

195 601 257 644 non
272 586 395 644 mullum
410 584 468 644 sibi
483 583 634 657 adiciens,
656 583 728 658 quia
741 583 915 643 inclinatum
930 584 1069 643 calorem
1083 582 1180 660 trigue

195 669 372 743 insequitur.
405 683 497 728 senes
518 667 659 726 difficiles
681 675 710 727 et
731 666 850 740 queruli
870 673 956 739 sunt,
980 674 1018 727 ut
1038 669 1131 742 aegri
1145 676 1180 729 et

196 754 447 813 convalescentes
463 759 494 811 et
507 767 636 825 quorum
658 757 709 810 aut
723 749 902 811 lassitudine
917 757 969 810 aut
982 749 1180 812 detractione

168 836 353 910 osanguinis
368 835 535 895 exhaustus
551 841 598 894 est
612 834 704 894 calor.
743 834 776 892 ln
798 834 906 893 eadem
927 849 1026 893 eausa
1041 841 1120 895 suut
1133 835 1179 895 siti

195 922 336 993 tarneque
350 918 447 977 rabidi
462 927 491 978 et
512 918 624 993 quibus
646 933 802 992 exsangue
823 932 936 991 eorpus
957 923 1007 976 est
1027 918 1178 994 maligne

196 1018 255 1078 que
269 1001 358 1061 alitur
377 1008 407 1060 et
428 1000 539 1061 delicit.
573 1003 673 1061 vinum
695 999 828 1060 incendit
847 1000 923 1071 iras,
951 999 1027 1075 quia
1042 1000 1178 1064 calorem

194 1092 285 1160 auget
308 1085 365 1159 pr'o
386 1085 535 1159 cuiusque
555 1094 670 1145 natura.
707 1084 829 1158 quidam
854 1083 929 1143 ebrii
954 1082 1175 1159 effervescunt,

196 1168 319 1242 quidam
334 1168 438 1227 saucii.
470 1184 572 1243 neque
585 1169 646 1227 ulla
660 1168 717 1228 alia
732 1183 827 1227 eausa
845 1174 907 1239 est,
929 1182 983 1226 cur
1004 1167 1176 1231 iracundis·

195 1251 263 1310 simi
278 1251 338 1311 sint
352 1250 423 1310 ssavi
436 1251 658 1326 rubentesque,
681 1251 790 1325 quibus
813 1250 880 1310 talis
895 1257 1000 1309 natura
1017 1253 1111 1313 color
1124 1259 1175 1326 esl,

195 1335 294 1411 qualis
309 1335 376 1396 fieri
391 1335 500 1394 ceteris
516 1336 681 1394 interirem
696 1336 783 1395 solet.
804 1334 925 1394 mobilis
937 1333 1020 1393 enim
1036 1335 1102 1396 illis
1116 1336 1174 1411 agi

194 1428 334 1495 latusque
350 1419 475 1494 sanguis
490 1427 546 1479 est.

167 1517 182 1568 1
254 1504 318 1563 XX.
351 1502 413 1562 Sed
436 1502 691 1578 quemadmodum
711 1508 819 1561 natura
843 1501 995 1576 quosdam
1019 1504 1173 1576 proclives

194 1588 225 1647 in
239 1588 313 1646 iram
328 1586 414 1659 lacit,
430 1588 472 1646 ita
487 1589 598 1646 multae
613 1586 749 1645 incidunt
763 1600 891 1659 causae,
907 1600 986 1660 quae
1001 1584 1172 1663 idem-pos·

195 1672 254 1731 sint
269 1671 352 1745 quod
369 1679 489 1729 naturae
511 1668 587 1730 alios
609 1669 733 1729 morbus
756 1676 808 1729 aut
827 1668 935 1729 iniuria
955 1684 1132 1744 corporum
1148 1672 1172 1731 in

194 1755 253 1814 hoe
268 1753 424 1827 perduxit,
446 1754 523 1813 alios
538 1754 625 1813 labor
639 1760 691 1813 aut
708 1752 852 1812 continue
872 1750 1032 1832 pervigilia
1051 1761 1172 1816 nomes

196 1852 255 1911 que
271 1835 417 1895 sollicitae
432 1843 461 1894 et
476 1835 629 1895 desideria
643 1852 833 1910 amoresque.
868 1835 1014 1912 quicquid
1028 1837 1120 1899 aliud
1130 1842 1173 1898 eut

195 1919 318 1993 corpori
331 1916 434 1978 nocuit
448 1925 500 1978 aut
513 1920 622 1992 animo,
637 1935 758 1994 aegram
771 1926 900 1978 mentem
915 1920 945 1977 in
960 1921 1113 1993 querelas
1127 1938 1171 1998 pa

166 2010 250 2065 urat.
283 2001 345 2062 Sed
360 2000 462 2061 omnia
475 2003 533 2061 ista
548 2002 630 2062 initia
640 2018 815 2077 causaeque
826 2010 912 2063 sunt:
928 2002 1100 2077 plurimum
1112 2012 1171 2081 pot·

196 2094 244 2147 est
258 2084 462 2159 consuetudo,
486 2101 564 2160 quae
585 2085 611 2145 si
626 2088 728 2160 gravis
743 2095 804 2158 est,
827 2085 878 2146 alit
892 2085 1006 2146 vitium.
1029 2087 1173 2149 Naturam

196 2170 319 2245 quidem
333 2175 448 2229 mutare
463 2169 586 2229 dillicile
601 2177 656 2243 est,
671 2186 727 2229 nec
740 2170 810 2230 licet
824 2171 919 2231 semel
933 2169 1031 2230 mixta
1043 2187 1173 2233 nascen-

195 2254 267 2315 tium
284 2255 432 2312 elementa
446 2261 633 2314 convertere.
671 2254 775 2314 sedin
795 2253 855 2315 hoc
875 2268 968 2314 nosse
985 2255 1127 2332 proluit,
1146 2261 1173 2317 ut

195 2337 364 2399 calentibus
379 2337 507 2412 ingeniis
523 2337 684 2398 subtrahas
698 2337 816 2410 vinum,
838 2339 922 2412 quod
936 2338 1042 2411 pueris
1060 2334 1172 2417 negan-

195 2424 266 2482 dum
280 2421 363 2482 Plato
378 2429 464 2496 putat
477 2428 508 2481 et
521 2420 622 2495 ignem
635 2428 718 2481 vetat
731 2422 800 2496 igne
813 2419 940 2481 incitari.
963 2437 1002 2480 ne
1014 2421 1100 2486 cibis
1113 2423 1173 2501 qni·

195 2506 264 2566 dem
289 2506 424 2580 inplendi
449 2506 518 2565 sint.
551 2505 762 2565 distendentur
782 2505 861 2564 enim
883 2520 1015 2579 corpora
1036 2514 1071 2569 et
1085 2505 1172 2569 anim

165 2598 262 2653 tcum
291 2605 421 2664 corpore
446 2597 628 2649 tumescent:
655 2589 741 2649 labor
765 2589 833 2648 illos
860 2589 934 2649 citra
957 2589 1172 2655 lassitudinem

195 2680 351 2744 exerceat,
372 2679 405 2732 ut
417 2673 582 2744 minuatur,
598 2689 659 2732 non
673 2679 707 2732 ut
720 2680 915 2733 consumatur
929 2672 1028 2745 calor,
1045 2675 1171 2737 nimine

196 2771 256 2830 que
270 2755 319 2814 ille
334 2758 435 2816 lervor
450 2757 620 2830 despumet.
654 2757 740 2816 lusus
756 2771 880 2832 quoque
895 2755 1078 2830 proderunt
1114 2772 1171 2821 mo

166 2839 264 2902 edica
278 2839 357 2897 enim
370 2841 513 2914 voluptas
529 2841 611 2898 laxat
625 2840 742 2900 animos
759 2847 790 2899 et
809 2845 965 2914 temperat
1014 2841 1171 2907 llumidio

193 2922 278 2982 ribus
299 2918 541 2998 siccioribusque
555 2930 586 2983 et
606 2922 721 2998 trigidis
737 2940 798 2984 non
813 2932 861 2984 est
875 2924 913 2984 ab
931 2924 975 2982 ira
990 2923 1172 2999 pertemere,

196 3008 252 3066 sed
267 3005 383 3065 maiora
396 3007 467 3065 vitia
481 3007 643 3066 metuenda
658 3014 736 3079 sunt,
753 3023 850 3082 pavor
859 3015 890 3067 et
900 3006 1069 3068 difficultas
1082 3010 1171 3073 etde·

195 3088 328 3165 speratio
344 3097 374 3149 et
387 3091 592 3164 suspiciones.
623 3092 786 3151 mollienda
800 3091 902 3166 itaque
916 3092 1125 3170 fovendaque
1133 3100 1172 3155 u·

195 3171 234 3232 lia
253 3172 375 3248 ingenia
390 3179 420 3232 et
439 3173 469 3232 in
490 3174 632 3234 laetitiam
657 3175 814 3234 evocanda
838 3181 917 3234 sunt
950 3181 980 3233 et
1005 3177 1085 3250 quia
1110 3176 1173 3239 alib

195 3256 404 3327 contrairem,
421 3258 487 3317 aliis
502 3265 609 3318 eontra
625 3257 772 3318 tristitiam
793 3257 936 3318 remediis
958 3259 1112 3323 utendum
1131 3264 1173 3321 est

194 3353 250 3397 nec
265 3337 473 3400 dissimillimis
487 3349 600 3402 tantum
617 3341 683 3412 ista,
700 3342 755 3401 sed
770 3341 929 3403 contrariis
941 3343 1084 3405 curanda
1096 3350 1172 3417 sunl.

194 3437 318 3496 semper
332 3420 360 3482 ei
375 3438 569 3484 occurremus
586 3426 668 3500 quod
683 3425 852 3485 increverit.

166 3514 182 3569 1
254 3505 330 3569 XXI.
361 3506 538 3579 Plurimum,
561 3507 699 3584 inquam,
720 3509 857 3583 proderit
873 3523 987 3583 pueros
1004 3509 1173 3575 statimne
