2438 3968
209 237 252 299 96
495 240 528 300 L.
549 241 695 300 ANNAEI
717 240 890 301 SENECAE

211 399 267 467 est,
284 392 367 467 quod
382 401 483 467 patres
496 409 620 469 quoque
635 392 806 454 occisorum
821 393 928 453 eadem
939 400 1037 455 nocte
1053 395 1185 458 dimissis

211 493 267 553 per
282 476 391 537 domos
406 478 632 537 centurionibus
652 476 799 538 coniecit:
826 476 858 538 id
872 485 934 551 est,
954 477 1056 540 homo
1074 480 1184 542 miseri·

210 575 281 620 cors
303 562 384 621 luctu
404 562 550 621 liberavit.
579 577 640 621 non
661 561 740 620 enim
756 560 818 621 Caii
838 559 1011 635 saevitiam,
1038 565 1101 625 sed
1119 566 1183 634 irae,

211 645 401 720 propositum
417 654 464 706 est
475 645 666 705 describere:
686 660 765 718 quae
779 661 841 705 non
855 651 971 705 tantum
978 646 1099 708 viritim
1113 649 1182 722 lurit,

211 730 267 788 sed
281 736 386 803 gentes
403 735 483 790 totas
499 730 635 803 lancinat,
656 729 713 788 sed
727 729 819 789 urbes
834 736 865 788 et
875 728 1002 789 flumina
1017 738 1053 792 et
1073 739 1139 794 tuta
1149 731 1182 794 ab

211 814 291 873 onrni
306 829 401 873 sensu
416 813 531 873 doloris
547 813 755 872 converberat.

178 893 195 948 l
269 898 333 956 XX.
356 896 407 957 Sic
426 912 482 956 rex
494 896 654 957 Persarum
672 897 766 956 totius
785 897 890 971 populi
910 912 1003 957 nares
1027 899 1180 960 reciditis

211 980 310 1059 Syria,
325 979 618 1041 undeRhinocolura
628 982 814 1041 loconomen
828 987 883 1040 est.
904 979 1098 1056 Pepercisse
1108 983 1180 1043 illum

209 1063 336 1133 iudicas,
353 1064 576 1138 quodnontota
591 1065 691 1140 capita
701 1064 867 1138 praeciditt
886 1080 968 1125 novo
981 1080 1105 1140 genere
1116 1082 1179 1142 poe

178 1145 267 1207 inae
283 1147 450 1208 delectatus
466 1155 522 1208 est.
556 1149 627 1209 Tale
648 1147 763 1222 aliquid
782 1148 868 1222 passi
886 1147 987 1209 forent
999 1149 1179 1226 Aethiopes

212 1232 263 1307 qui
278 1233 317 1291 ob
332 1231 541 1311 longissimum
561 1233 641 1292 vitae
656 1232 787 1307 spatium
801 1231 1010 1292 Macrobiotae
1027 1235 1178 1310 adpellari

210 1323 266 1375 tur.
288 1314 318 1375 in
334 1316 392 1376 bos
408 1316 497 1392 enim,
519 1316 671 1391 quianon
692 1315 810 1390 supinis
831 1316 972 1376 manibus
994 1323 1180 1394 exceperant

210 1401 385 1461 servitutem
410 1400 577 1476 missisque
600 1399 708 1475 legatis
733 1400 828 1459 libera
848 1415 1000 1475 respousa
1025 1401 1177 1474 dederant,

209 1500 288 1558 quae
301 1485 521 1546 contumeliosa
539 1500 629 1559 reges
648 1490 768 1553 vocant,
791 1483 960 1561 Cambyses
982 1484 1178 1548 fremebetet

207 1585 268 1629 non
284 1569 418 1644 provisis
433 1569 661 1642 commeatibus,
682 1584 743 1627 non
759 1567 924 1642 exploratis
938 1567 1118 1646 itineribus,
1132 1585 1178 1647 per

207 1652 296 1726 invia,
312 1669 367 1728 per
378 1653 491 1713 arentia
505 1653 767 1712 trahebatomnem
777 1650 856 1711 bello
868 1651 970 1711 utilem
985 1654 1125 1729 turbam,
1139 1652 1178 1716 cui

207 1734 285 1795 intra
300 1738 428 1811 primum
449 1737 504 1796 iter
519 1737 644 1796 deerant
658 1736 832 1796 necessaria
853 1750 910 1795 nec
925 1734 1102 1812 quiequam
1116 1737 1176 1800 sub

208 1819 396 1879 ministrabat
416 1818 527 1879 sterilis
542 1827 572 1879 et
589 1819 701 1880 inculta
720 1819 915 1894 humanoque
929 1818 1041 1892 ignota
1056 1822 1176 1898 vestigio

176 1900 303 1974 aregio.
340 1900 536 1963 Sustinebant
551 1903 659 1962 famem
681 1901 777 1978 primo
798 1903 961 1962 tenerrima
980 1903 1176 1967 frondiumet

209 1986 365 2044 cacumina
380 1985 531 2058 arborum,
547 1992 608 2045 tum
620 1988 702 2047 coria
717 1986 785 2061 igne
795 1986 909 2047 mollita
920 1993 950 2045 et
963 1988 1122 2066 quicquid
1134 2002 1175 2049 ne

209 2068 337 2128 cessitas
358 2068 457 2128 cibum
480 2069 601 2129 lecerat.
641 2079 802 2147 postquam
823 2072 900 2131 inter
920 2085 1036 2134 arenas
1063 2074 1175 2135 radicet

209 2168 333 2227 quoque
357 2160 387 2212 et
411 2152 522 2213 herbae
549 2154 723 2215 deiecerant
749 2155 949 2230 adparuitque
973 2153 1076 2233 inops
1097 2155 1175 2219 ema

207 2235 379 2297 animalium
395 2236 538 2311 solitudo,
558 2239 707 2299 decimum
722 2254 874 2314 quemque
888 2236 987 2299 sortiti
1000 2241 1173 2304 alimentum

175 2321 379 2382 ehabuerunt
393 2322 471 2382 lame
486 2322 618 2383 saevius.
652 2324 771 2397 Agebat
786 2323 886 2383 adbuc
904 2321 951 2382 ira
969 2338 1083 2400 regem
1097 2340 1174 2403 pree·

207 2405 337 2481 cipitem,
354 2423 421 2466 curn
433 2414 548 2482 partem
560 2407 711 2467 exercitus
723 2405 884 2479 amisisset,
897 2413 1016 2481 partem
1029 2409 1172 2472 comedis·

206 2497 261 2564 set,
282 2491 381 2550 donec
401 2490 504 2562 timuit,
526 2507 565 2551 ne
582 2498 612 2550 et
630 2491 699 2566 ipse
714 2498 874 2551 vocaretur
893 2489 934 2550 ad
953 2497 1093 2554 sortem=
1122 2501 1173 2555 tm

206 2573 326 2633 demum
347 2576 466 2649 signum
486 2573 623 2649 receptui
643 2575 734 2634 dedit.
764 2574 965 2635 servabantur
983 2573 1112 2639 interim
1130 2591 1170 2653 gt*

206 2673 335 2717 nerosae
350 2657 392 2717 illi
408 2675 481 2719 aves
498 2667 527 2719 et
546 2659 745 2719 instrumenta
759 2658 915 2733 epularum
936 2661 1071 2723 camelis
1091 2659 1171 2722 velle

205 2738 324 2813 bantur,
346 2758 414 2801 cum
436 2742 614 2802 sortirentur
636 2742 743 2802 milites
765 2741 841 2816 eius,
864 2742 932 2817 quis
953 2745 1039 2804 male
1061 2744 1170 2821 periret

206 2823 276 2898 quis
292 2826 378 2898 peius
393 2826 518 2886 viveret.
1197 2831 1198 2837 ’

174 2908 189 2962 1
266 2907 343 2968 XXI.
364 2909 419 2968 Hic
432 2910 525 2970 iratus
545 2910 599 2971 luit
607 2911 687 2985 genti
703 2917 733 2969 et
747 2911 867 2985 ignotae
878 2918 908 2970 et
920 2911 1093 2988 inmeritae,
1113 2926 1168 2975 su·

205 3008 296 3053 surae
313 3000 426 3052 tamen:
456 2992 554 3072 Cyrus
569 2993 695 3054 flumini.
728 2995 803 3054 Nam
819 3010 887 3054 cum
900 2992 1070 3072 Babylona
1084 3009 1167 3074 opp*

131 3086 136 3095 '
205 3085 350 3150 gnaturus
372 3077 529 3138 festinaret
554 3078 593 3138 ad
614 3078 740 3153 bellum,
763 3077 850 3139 cuius
871 3077 1005 3138 maxima
1025 3082 1168 3147 moment!
1201 3097 1202 3100 ’

206 3160 234 3218 in
257 3159 472 3222 occasionibus
483 3170 566 3238 sunt,
597 3163 721 3238 Gynden
741 3161 800 3222 late
825 3163 927 3222 lusum
956 3177 1083 3224 amnem
1102 3160 1167 3223 vato

204 3243 334 3303 transire
347 3246 511 3320 temptavit,
527 3246 611 3321 quod
626 3247 675 3305 vix
690 3253 783 3306 tutum
799 3251 854 3316 est
876 3245 967 3305 etiam
988 3260 1063 3308 cum
1085 3242 1167 3309 sed

172 3331 350 3386 taestatem
370 3335 400 3388 et
414 3328 453 3388 ad
473 3329 626 3390 minimum
650 3329 799 3390 deductus
813 3335 870 3388 est.
908 3327 953 3390 lbi
974 3345 1061 3392 unus
1083 3326 1166 3394 exffi

204 3409 302 3485 equis,
319 3410 370 3486 qui
386 3412 503 3473 trahere
515 3414 631 3488 regium
649 3429 769 3474 currum
785 3411 844 3472 albi
860 3411 1011 3487 solebant,
1030 3414 1166 3492 abrapld

204 3493 399 3554 vehementer
420 3497 581 3557 commovit
600 3513 719 3572 regem:
744 3496 852 3556 iuravit
873 3495 976 3570 itaque
997 3511 1038 3560 se
1060 3508 1165 3561 amnt!

151 3718 233 3735 Α
