2438 3968
81 246 362 310 contumulant
375 248 957 312 acclamatu-snpttttttttntzttt-v.
999 251 1040 316 al

59 403 186 465 auribus
207 410 237 464 et
257 402 417 477 digitorum
440 409 540 464 motus
561 410 591 463 et
610 404 669 463 alia
687 418 767 478 quae
786 403 892 479 inpetu
906 406 1040 481 quodam

59 487 175 548 erroris
187 486 339 561 inprovidi
354 486 516 562 refugiunt.
538 488 650 549 lniuria
661 487 853 563 propositum
867 488 928 550 hoo
939 491 1070 560 habete

61 571 193 647 aliquem
211 571 290 632 malo
309 570 452 631 adiicere.
480 573 559 632 malo
581 578 682 633 autem
702 574 853 647 sapientia
873 588 935 634 non
950 576 1040 636 relin-

61 655 127 730 quit
146 656 258 715 locum.
291 671 385 714 unum
407 655 486 714 enim
506 655 548 715 illi
568 657 680 717 malum
701 664 750 716 est
766 658 939 733 turpitudo,
960 675 1041 733 quae

57 740 170 800 intrare
191 755 228 799 eo
250 738 302 799 ubi
323 739 384 798 iam
403 740 501 800 virtus
522 739 747 816 honestumque
769 749 830 815 est,
851 758 913 800 non
930 749 1039 817 potest.

58 838 132 899 ergo
148 821 176 883 si
191 822 300 884 iniuria
315 823 383 882 sine
397 825 477 883 malo
493 825 577 884 nulla
591 830 653 898 est,
668 826 780 884 malum
797 826 855 885 nisi
869 834 959 901 turpe
974 827 1041 887 nut-

58 910 120 968 lum
141 914 203 979 est,
226 916 316 981 turpe
336 913 436 967 autem
457 908 496 967 ad
517 907 654 969 honestis
675 917 859 984 occupatum
879 911 1040 985 pervenire

59 1008 120 1052 non
143 998 258 1067 potest:
278 991 388 1051 iniuria
405 991 445 1050 ad
466 992 636 1066 sapientem
656 1008 718 1053 non
741 995 888 1068 pervenit.
921 1010 989 1053 nam
1012 993 1040 1054 si

57 1073 167 1136 iniuria
187 1075 315 1136 alieuius
335 1075 405 1134 mali
426 1076 571 1150 patientia
585 1083 646 1148 est,
669 1077 795 1152 sapiens
810 1091 911 1138 autem
926 1079 1039 1138 nullius

57 1160 129 1219 mali
140 1167 187 1220 est
199 1159 326 1234 patiens,
338 1159 420 1219 nulla
431 1161 469 1219 ad
481 1161 649 1236 sapientem
662 1160 770 1221 iniuria
781 1163 919 1237 pertinet.
935 1161 1039 1223 Omnis
1052 1175 1070 1222 a

58 1242 168 1303 iniuria
188 1244 345 1304 diminutio
367 1243 434 1302 eius
454 1250 502 1305 est
528 1245 558 1304 in
581 1260 671 1319 quem
694 1246 833 1318 incurrit,
860 1261 917 1306 nee
938 1252 1041 1320 potest

60 1327 223 1404 quisquam
250 1327 390 1387 iniuriam
417 1329 558 1403 accipere
578 1329 645 1389 sine
665 1329 768 1403 aliquo
790 1330 970 1389 detrimento
992 1331 1040 1389 vel

57 1411 213 1486 dignitatis
225 1413 273 1471 vel
289 1411 429 1487 eorporis
441 1414 489 1471 vel
503 1427 603 1472 rerum
619 1421 706 1472 extra
719 1429 778 1474 nos
793 1414 971 1487 positarum.
991 1431 1040 1472 sa·

58 1496 149 1571 piens
163 1501 264 1555 autem
284 1495 358 1554 nibil
379 1496 510 1570 perdere
528 1502 638 1571 potest.
668 1497 771 1557 omnia
791 1498 821 1555 in
842 1512 877 1556 se
890 1497 1039 1571 reposuit,

56 1577 133 1639 nihil
147 1581 289 1640 fortunae
301 1580 411 1652 eredit,
426 1579 510 1640 bona
523 1595 581 1639 sua
596 1580 625 1638 in
641 1577 741 1640 solido
755 1580 863 1654 habet,
880 1586 1040 1641 contentus

58 1665 185 1735 virtute,
202 1678 282 1738 quae
297 1664 427 1723 fortuitis
438 1680 500 1724 non
516 1664 630 1738 indiget
643 1663 777 1739 ideoque
793 1681 850 1724 noe
864 1664 969 1738 augeri
985 1679 1042 1722 nee

57 1747 152 1807 minui
165 1755 277 1822 potest.
299 1764 369 1807 nam
383 1746 456 1809 etin
473 1764 623 1807 summum
635 1748 781 1822 perducta
791 1748 969 1808 incrementi
980 1764 1041 1807 non

59 1831 153 1890 habet
171 1832 273 1891 locum
290 1839 321 1892 et
335 1832 406 1892 nihil
422 1832 513 1906 eripit
526 1831 663 1905 fortuna,
682 1833 740 1892 nisi
761 1833 844 1906 quod
860 1832 953 1894 dedit.
982 1832 1040 1891 vir-

59 1923 152 1976 tutem
167 1921 267 1975 autem
282 1932 343 1976 non
359 1915 424 1989 dat,
440 1915 510 1976 ideo
523 1931 579 1976 neo
594 1916 732 1977 detrabit.
755 1917 851 1977 libera
865 1923 927 1990 est,
942 1915 1040 1976 invio-

56 1999 172 2070 labilis,
189 1992 317 2070 inmota,
333 2001 527 2079 inconeussa.
557 2001 602 2060 sie
623 2008 728 2062 eontra
743 2017 835 2062 casus
850 2000 987 2072 indurat,
1007 2007 1041 2061 ut

58 2099 97 2144 oe
111 2083 250 2144 inclinari
263 2084 402 2160 quidem,
417 2085 531 2144 nedum
545 2083 625 2144 vinei
639 2085 749 2160 possit.
772 2087 933 2146 Adversus
947 2086 1071 2160 adpo-5

57 2177 143 2229 ratus
158 2168 334 2229 terribilium
349 2176 451 2229 rectos
466 2171 573 2228 uetitos
587 2175 683 2244 tenet,
700 2169 772 2229 nibil
788 2184 827 2228 ex
841 2171 924 2230 voltu
935 2176 1039 2241 mutat„

58 2251 126 2312 sive
146 2251 189 2312 illi
204 2252 282 2312 dura
296 2253 363 2313 sive
378 2253 516 2313 secunda
537 2260 735 2313 ostentantur.
762 2255 867 2328 itaque
879 2251 955 2312 ‘nihil
971 2267 1040 2327 per-

57 2336 111 2396 det
132 2337 216 2410 quod
230 2338 330 2413 perire
345 2353 495 2398 sensurus
507 2338 555 2398 sit.
583 2338 674 2397 unius
690 2337 770 2397 enim
791 2338 820 2396 in
837 2337 1040 2412 possessione
1146 2351 1149 2357 ·

57 2420 178 2481 virtutis
194 2428 254 2495 est,
271 2437 310 2481 ex
325 2437 386 2496 qua
401 2421 514 2497 depelli
527 2438 693 2496 numquam
710 2429 818 2497 potest
845 2420 954 2481 ceteris
971 2435 1039 2494 pre-

58 2503 142 2564 oario
162 2505 268 2565 utitur:
290 2505 360 2580 quis
382 2513 480 2573 autem
502 2506 618 2566 iactura
637 2514 776 2567 movetur
790 2506 901 2564 alieni?
926 2503 1040 2578 quodsi

57 2587 168 2648 iniuria
187 2589 260 2649 nibil
282 2589 405 2649 laedere
426 2596 529 2664 potest
542 2605 582 2649 ex
596 2588 644 2649 his
659 2606 738 2665 quae
754 2590 877 2664 propria
891 2586 1040 2662 sapientis

58 2679 145 2745 sunt,
173 2674 246 2748 quia
267 2675 376 2733 virtute
395 2690 452 2733 sua
472 2673 560 2733 salva
578 2682 664 2746 sunt,
692 2673 799 2734 iniuria
822 2672 952 2747 sapienti
978 2689 1039 2732 non

59 2764 162 2832 potest
175 2757 251 2817 fieri.
277 2757 433 2832 Megaram
447 2757 617 2818 Demetrius
640 2765 779 2832 ceperat,
800 2756 849 2816 eui
870 2756 1069 2832 cognomenb

56 2840 243 2903 Polioreetes
259 2844 322 2902 iuit.
345 2841 384 2900 ab
400 2841 459 2901 hoe
474 2839 592 2902 Stilbon
607 2841 811 2917 philosophus
827 2842 1039 2916 interrogatus

57 2942 130 2985 num
145 2925 260 3001 aliquid
275 2925 476 3002 perdidisset:
497 2927 588 2997 nihil,
603 2927 709 3000 inquit.
736 2929 835 2987 omnia
849 2943 917 2987 meo
927 2942 1040 2986 mecum

55 3017 134 3072 sunt.
165 3010 248 3085 atqui
268 3017 298 3071 et
320 3010 533 3084 patrimonium
554 3010 620 3070 eius
642 3011 671 3069 in
695 3012 839 3085 praedam
859 3010 998 3092 .eea'serat
1011 3017 1041 3070 et

56 3094 137 3154 filias
151 3104 295 3171 rapuerat
309 3094 407 3155 hostis
423 3101 453 3154 et
468 3092 566 3169 patria
580 3093 610 3152 in
625 3094 754 3154 alienam
772 3095 1040 3171 ditionemssperve·

56 3187 145 3240 uerat
158 3185 189 3239 et
210 3180 313 3254 ipsum
333 3194 389 3238 rex
410 3179 613 3239 circumtusus
628 3179 752 3240 victoris
774 3178 928 3239 exereitus
948 3177 1040 3236 aruris

56 3278 97 3323 ex
113 3264 275 3338 superiore
289 3265 358 3324 loeo
373 3264 533 3338 rogitabat.
554 3267 596 3323 At
610 3263 660 3321 ille
675 3263 831 3322 victoriam
846 3263 888 3323 illi
904 3261 1068 3325 exeussitl

55 3353 87 3408 et
100 3363 137 3408 se
150 3347 228 3408 urbe
242 3355 331 3422 eapte
343 3364 404 3408 non
418 3348 562 3408 invictum
575 3355 699 3418 tantum,
715 3347 772 3406 sed
784 3347 956 3407 indemnem
968 3361 1040 3406 esse

55 3439 187 3493 testatus
204 3438 261 3493 est.
285 3431 417 3492 habebat
431 3431 511 3492 enim
524 3448 597 3491 vera
611 3447 717 3491 seeum
732 3431 822 3506 bona,
838 3433 868 3491 in
885 3446 965 3506 quae
978 3446 1040 3490 non

56 3523 106 3578 est
120 3532 229 3577 manus
250 3516 382 3577 iniectio.
411 3523 442 3576 at
462 3530 541 3592 quae
557 3515 708 3590 dissipata
722 3522 753 3576 et
767 3515 887 3591 direpta
901 3513 1040 3576 tereban-
