2438 3968
180 235 221 301 74
470 236 502 295 L.
525 234 673 298 ANNAEl
696 234 871 295 SENECAE

149 391 350 470 squaedam,
374 389 527 466 quianon
549 389 749 464 speraverint.
776 389 904 464 lndigna
925 404 1085 466 putamus
1100 409 1175 471 quac

179 476 338 551 inopinata
358 480 437 535 sunt.
469 474 571 548 itaque
592 473 722 532 maxime
743 480 935 535 commovent
956 490 1047 549 quae
1072 486 1173 540 contro

181 576 271 636 spem
286 557 608 634 exspectationemque
622 563 796 616 evenerunt.
824 571 882 617 nec
903 558 992 619 aliud
1007 568 1063 621 est
1084 576 1173 639 quam

182 647 211 704 in
230 642 407 704 domesticis
422 641 545 700 minima
560 639 730 712 offendant,
753 641 782 699 in
798 641 904 701 amieis
919 641 1072 704 iniuriam
1086 660 1171 707 voce

152 729 250 788 bmus
271 726 501 802 neglegentiam.
530 725 715 799 „Quomodo
732 739 820 799 ergo,
840 724 953 800 inquit,
979 726 1170 790 inimicum·

183 829 241 874 nos
259 811 387 870 iniuriae
408 814 578 869 moventt“
599 808 671 882 quia
691 824 752 868 non
768 809 1021 882 exspectavimus
1038 813 1113 874 illas
1127 820 1170 875 aut

184 905 266 958 certe
281 911 342 956 non
359 901 466 955 tantas.
493 893 553 954 hoc
569 891 663 952 elficit
679 908 764 952 amor
778 893 874 953 nostri
888 891 1013 954 nimius.
1046 894 1169 959 inviola-

183 989 233 1042 tos
248 995 306 1039 nos
321 979 412 1037 etiam
427 977 555 1036 inimicis
570 977 739 1035 iudicamus
752 992 824 1037 esso
838 976 960 1036 debere.
984 979 1080 1055 regis
1095 981 1168 1057 quta

188 1079 248 1140 que
268 1064 346 1122 intra
368 1077 403 1121 se
424 1061 555 1119 animum
578 1059 683 1132 habet,
705 1067 738 1119 ut
757 1059 909 1121 licentiam
929 1060 990 1121 sibi
1005 1062 1080 1123 dari
1098 1064 1167 1139 velit,

157 1143 217 1209 lin
241 1162 276 1206 se
297 1145 379 1205 nolit.
412 1146 472 1204 Aut
492 1144 661 1218 ignorantia
675 1144 777 1218 itaque
793 1160 851 1205 nos
865 1152 918 1205 aut
930 1145 1108 1209 insolentia
1120 1148 1167 1209 tra

187 1231 305 1292 cundos
322 1229 402 1289 lacit.
422 1225 591 1302 ignorantia
605 1242 720 1286 rerum=
737 1227 811 1303 quid
826 1229 905 1287 enim
919 1228 1032 1289 mirum
1050 1239 1105 1293 est
1116 1246 1166 1293 ma·
1208 1278 1211 1285 .

186 1319 235 1376 los
251 1313 330 1374 mala
345 1312 482 1373 facinora
496 1312 609 1372 ederet
626 1312 700 1386 quid
714 1314 786 1372 novi
801 1320 856 1387 est,
872 1313 898 1372 si
913 1311 1064 1376 inimicus
1078 1320 1166 1387 nocet.

188 1400 304 1461 ainicus
326 1396 466 1470 offendit,
488 1396 569 1456 filius
586 1396 709 1468 labitur,
732 1412 841 1456 servus
864 1403 994 1470 peceati
1016 1398 1166 1477 lurpissi

187 1501 267 1544 mam
289 1481 389 1542 aiebat
408 1479 520 1541 Fabius
537 1480 713 1555 imperatori
728 1479 955 1541 excusationem
980 1496 1078 1544 essee
1104 1498 1166 1545 non

189 1567 334 1645 putavi.
356 1582 414 1640 ego
430 1564 637 1640 turpissimam
653 1563 767 1625 homini
781 1572 864 1639 puto.
890 1562 998 1624 Omnia
1014 1568 1167 1644 pulmon·

190 1658 311 1726 speeta=
331 1650 420 1710 etiam
442 1651 471 1709 in
491 1649 581 1709 bonis
596 1648 732 1708 moribus
746 1649 861 1724 aliquid
875 1648 1005 1710 exsistet
1020 1650 1166 1729 aspertus.

161 1735 259 1794 iliert
273 1735 405 1794 humana
415 1741 521 1793 natura
535 1731 702 1793 insidiosos
717 1731 850 1806 animos,
871 1733 929 1791 lert
942 1732 1104 1813 ingratos,
1123 1736 1167 1796 lert

192 1816 338 1892 cupidos,
354 1817 411 1875 lert
426 1817 537 1890 inpios.
562 1832 629 1875 cum
644 1818 683 1876 de
695 1817 784 1877 unius
799 1817 934 1877 moribus
949 1817 1127 1895 iudicabis,
1139 1818 1167 1879 dt

192 1901 323 1975 publicis
345 1898 454 1972 cogita.
483 1899 535 1958 ubi
556 1899 686 1958 maxime
706 1901 870 1974 gaudebis,
891 1898 1025 1961 maxime
1049 1912 1168 1966 memet

192 1983 244 2044 ubi
265 1982 428 2057 tranquilla
447 1981 501 2042 tibi
523 1982 624 2042 omnia
637 1982 792 2055 videntur,
816 1984 857 2043 ibi
879 1983 1020 2044 nocitura
1041 1986 1168 2049 nonde

193 2067 330 2127 suntsed
345 2064 516 2142 quiescunt.
529 2081 651 2141 semper
664 2067 796 2127 futurum
809 2066 924 2143 aliquid
937 2069 1025 2143 quod
1039 2077 1075 2132 te
1087 2068 1168 2133 olleo

194 2153 247 2211 dat
260 2150 408 2212 existima.
438 2149 628 2210 Gubernator
641 2167 807 2226 numquam
826 2153 868 2212 lte
882 2158 963 2211 totos
980 2153 1076 2216 sinus
1093 2158 1169 2218 scor

193 2252 247 2295 rus
269 2233 429 2310 explicuit,
451 2241 565 2294 utnon
586 2235 729 2309 expedite
751 2236 790 2295 ad
814 2235 1063 2299 contrahendum
1085 2252 1169 2300 arma

163 2314 295 2379 omenta
314 2319 500 2393 disponeret.
529 2318 606 2378 lllud
625 2325 695 2378 ante
711 2319 811 2378 omnia
828 2319 941 2394 cogita,
962 2319 1097 2384 foedam
1111 2334 1170 2384 eset

194 2413 224 2464 et
235 2403 454 2463 exsecrabilem
466 2400 527 2461 vim
538 2403 668 2462 nocendi
681 2409 710 2461 et
721 2402 936 2463 alienissimam
947 2402 1081 2482 homini,
1097 2406 1171 2469 edu

194 2486 345 2548 beneficio
372 2487 461 2547 etiam
488 2501 582 2546 saeva
603 2494 830 2547 mansuescunt.
866 2486 996 2562 adspice
1021 2496 1172 2555 taurorum

195 2571 267 2646 iugo
293 2572 372 2631 colla
397 2568 551 2631 submissa
575 2577 607 2630 et
629 2572 850 2646 elephantorum
870 2569 975 2646 pueris
1000 2572 1126 2647 pariter
1146 2586 1173 2633 at

196 2652 315 2714 leminis
339 2654 577 2728 persultantibus
599 2661 683 2728 terga
710 2654 825 2729 inpune
846 2656 962 2716 calcata
984 2661 1015 2716 et
1040 2654 1173 2735 repentis

196 2737 274 2796 inter
301 2739 411 2811 pocula
438 2738 587 2813 sinusque
606 2737 730 2798 innoxio
752 2739 841 2814 lapsu
865 2739 1017 2799 dracones
1046 2749 1082 2803 et
1106 2743 1175 2803 tnta

197 2820 320 2879 domum
334 2837 474 2881 ursorum
490 2821 674 2896 leonumque
688 2838 743 2882 ora
758 2822 877 2897 placida
888 2823 1096 2887 tractantibus
1111 2824 1174 2887 adn·

197 2903 348 2978 lautisque
368 2904 522 2964 dominum
543 2905 640 2965 leras=
669 2906 794 2980 pudebit
816 2922 884 2966 cum
905 2906 1095 2971 animalibus
1117 2924 1175 2987 per

169 2980 185 3039 7
198 2994 334 3048 mutasse
347 3003 459 3048 mores.
481 2989 574 3048 Nelas
589 2995 637 3048 est
652 3004 763 3050 nocere
779 2989 908 3065 patriae=
929 3004 1003 3065 ergo
1025 2991 1093 3054 civi
1109 3007 1176 3071 qno·

199 3086 273 3145 que,
295 3088 365 3131 nam
385 3070 435 3131 hic
457 3088 529 3147 pars
553 3072 668 3147 patriae
683 3081 738 3133 est.
771 3078 896 3133 sanctae
915 3079 1020 3148 partes
1044 3084 1137 3153 sunt,
1155 3072 1177 3137 ti

199 3153 374 3215 universum
394 3155 569 3217 venerabile
591 3163 646 3215 est.
677 3172 749 3230 ergo
772 3164 801 3216 et
824 3156 954 3230 homini,
979 3173 1054 3219 nam
1082 3160 1177 3222 hicio

198 3237 313 3298 maiore
334 3236 388 3299 tibi
407 3239 483 3299 urbe
505 3239 579 3299 civis
599 3247 656 3300 est.
690 3239 767 3313 Quid
786 3240 813 3301 si
834 3255 947 3300 nocere
961 3241 1058 3302 velint
1073 3246 1176 3307 manus

199 3319 353 3394 pedibust
373 3322 512 3383 manibus
527 3322 629 3383 oculit
646 3329 679 3382 ut
694 3322 795 3384 omnia
812 3324 890 3384 inter
904 3339 940 3385 se
954 3323 1100 3389 membra
1113 3342 1174 3391 con

199 3402 349 3477 sentiunt,
365 3404 436 3479 quia
451 3405 570 3480 singula
585 3407 701 3466 servari
716 3407 807 3467 totius
821 3407 960 3482 interest,
982 3408 1024 3469 ita
1037 3409 1178 3474 homines

200 3484 329 3563 singulis
344 3495 477 3562 parcent,
495 3490 566 3563 quia
580 3491 619 3549 ad
635 3499 753 3550 coetum
768 3491 858 3565 geniti
873 3500 952 3551 sunt.
976 3494 1068 3555 salva
1083 3502 1177 3559 cumn
