2438 3968
200 247 262 310 202
401 248 432 305 L.
452 246 597 305 ANNAEI
618 245 792 304 SENECAE
813 245 913 304 DlAL.
926 245 962 304 X.

172 408 320 464 aconstet
339 400 377 459 ab
397 400 448 458 illo
464 405 560 473 rapta.
600 399 665 473 Quo
680 415 741 459 non
757 407 929 474 erumperet
941 406 1002 460 tam
1016 401 1167 460 inmatura

201 483 345 546 ambitio?
364 484 460 544 scires
474 484 504 542 in
520 484 631 542 molum
644 482 751 556 ingens
767 490 797 542 et
810 485 960 557 privatum
970 491 1001 543 et
1011 483 1167 559 publicum

200 583 359 629 evasuram
376 582 580 642 praecoquem
596 567 763 626 audaciam.
786 582 856 626 sero
870 567 973 642 itaque
986 568 1168 642 querebatur

201 653 299 713 nullas
321 650 378 710 sibi
399 650 489 709 serias
511 649 676 724 contigisse
698 666 716 709 a
737 665 832 724 puero
857 651 1023 711 seditiosus
1044 658 1075 710 et
1099 653 1167 711 loro

200 736 312 812 gravis.
348 735 538 808 Disputatur,
561 750 600 792 an
616 735 684 808 ipse
699 733 757 792 sibi
771 750 878 794 manus
893 735 1043 794 adtulerit.
1066 735 1166 794 subito

201 821 280 880 enim
301 820 427 878 volnere
446 833 502 892 per
521 817 632 892 inguen
653 825 780 892 accepto
801 818 967 892 conlapsus
980 825 1042 892 est,
1063 818 1167 893 aliquo

201 903 370 976 dubitante,
392 917 430 960 an
444 917 528 961 mors
543 902 608 961 eius
623 901 792 961 voluntaria
802 909 902 974 esset,
923 903 1021 975 nullo,
1043 918 1081 961 an
1094 910 1164 963 tem-

171 992 189 1045 3
201 987 329 1063 pestiva.
373 984 602 1060 Supervacuum
630 991 676 1044 est
701 999 937 1046 commemorare
963 987 1087 1061 plures,
1116 987 1167 1061 qui

201 1087 268 1132 oum
283 1071 350 1130 aliis
365 1069 531 1129 felicissimi
541 1069 730 1141 viderentur,
745 1069 804 1143 ipsi
817 1067 847 1128 in
861 1085 896 1128 se
909 1085 1015 1130 verum
1031 1071 1165 1131 testimo-

201 1154 283 1215 nium
304 1154 459 1226 dixerunt,
481 1153 584 1228 perosi
606 1168 725 1212 omnem
746 1161 844 1213 actum
866 1169 1012 1213 annorum
1031 1169 1166 1214 suorum.

201 1239 256 1299 sed
271 1238 318 1297 his
334 1237 466 1313 querelis
481 1252 539 1296 nec
553 1237 629 1297 alios
644 1243 835 1297 mutaverunt
848 1253 905 1296 nec
923 1253 958 1297 se
971 1238 1069 1312 ipsos.
1098 1254 1168 1297 nanu

202 1338 270 1383 oum
290 1323 384 1381 verba
405 1328 584 1395 eruperunt,
613 1320 751 1380 adiectus
769 1321 808 1380 ad
823 1321 1074 1382 consuetudinem
1090 1324 1166 1381 rela-

172 1408 320 1472 4buntur.
356 1406 467 1465 Vestra
480 1404 668 1464 mehercules
682 1403 758 1472 vita,
779 1402 851 1464 licet
864 1421 959 1480 supra
972 1406 1054 1465 mille
1068 1423 1168 1466 annos

202 1498 305 1561 exeat,
331 1490 362 1549 in
382 1488 566 1549 artissimum
587 1488 788 1548 contrahetur.
820 1488 878 1548 ista
892 1491 963 1549 vitia
976 1489 1093 1549 nullum
1107 1507 1165 1550 nor

202 1574 338 1634 seculum
359 1573 561 1632 devorabunt:
588 1572 647 1631 hoo
668 1587 741 1631 vero
757 1571 889 1646 spatium
905 1574 1002 1647 quod,
1028 1575 1168 1649 quamvis

202 1664 311 1717 natura
325 1657 430 1730 currit,
450 1657 527 1717 ratio
542 1655 660 1729 dilatat,
682 1656 739 1716 cito
755 1673 812 1716 vos
829 1655 953 1731 effugiat
966 1673 1098 1717 necesse
1113 1667 1168 1717 est

203 1757 262 1801 non
298 1741 378 1799 enim
411 1739 639 1815 adprehenditis
674 1756 731 1800 nec
763 1739 921 1816 [retinetis]
955 1742 1168 1802 velocissimae

203 1824 335 1884 omnium
351 1824 395 1882 rei
410 1840 525 1884 moram
538 1823 649 1896 facitis,
666 1824 722 1884 sed
733 1824 817 1884 abire
827 1832 860 1884 ut
870 1840 933 1883 rem
945 1840 1168 1899 supervacuam

202 1924 238 1967 ac
252 1906 452 1982 reparabilem
467 1907 573 1967 sinitis.

176 2008 189 2057 1
263 1992 328 2050 Vll.
361 1991 399 2049 ln
428 1991 561 2065 primis
587 1998 710 2051 autem
730 2001 766 2052 et
792 1993 884 2052 illos
905 2007 1078 2065 numero,
1103 1993 1168 2067 qni

203 2077 298 2135 nulli
319 2076 373 2133 roi
395 2075 470 2134 nisi
490 2073 578 2134 vino
600 2090 642 2133 ac
657 2076 976 2136 libidinivacant.
999 2077 1073 2137 nulli
1088 2078 1168 2136 enim

201 2159 320 2234 turpius
335 2158 475 2233 occupati
486 2165 566 2218 sunt.
590 2158 681 2218 ceteri
692 2159 811 2220 etiamsi
820 2175 901 2219 vana
911 2161 1026 2234 gloriae
1037 2161 1169 2235 imagine

201 2251 374 2316 teneantur,
391 2241 534 2317 speciose
548 2250 648 2302 tamen
663 2251 772 2303 errant.
794 2243 865 2304 licet
876 2259 986 2304 avaros
997 2244 1083 2316 milri,
1100 2246 1170 2304 licet

202 2328 366 2387 iracundos
381 2342 541 2387 enumeres
553 2329 600 2386 vel
616 2326 687 2386 odia
700 2334 879 2387 exercentes
891 2327 1003 2388 iniusta
1011 2330 1062 2387 vel
1072 2328 1167 2387 bella:

204 2427 310 2472 omnes
325 2411 374 2471 isti
388 2409 503 2470 virilius
515 2419 657 2485 peccant:
679 2410 709 2469 in
720 2412 871 2470 Venerem
882 2427 919 2471 ac
930 2410 1085 2472 libidinem
1097 2428 1168 2487 pro-

175 2496 349 2555 licctorum
372 2494 535 2555 inhonesta
557 2496 644 2554 tabes
668 2501 725 2554 est.
757 2493 864 2555 Omnia
883 2495 1011 2556 istorum
1030 2503 1170 2570 tempora

204 2587 322 2639 excute.
352 2579 478 2654 adspice
499 2579 644 2654 quamdiu
665 2587 842 2654 conputent,
865 2579 1009 2653 quamdiu
1024 2579 1168 2639 insidien-

204 2672 265 2735 tur,
282 2663 567 2738 quamdiutimeant,
584 2662 729 2737 quamdiu
740 2664 848 2737 colant,
865 2662 1009 2737 quamdiu
1021 2665 1170 2734 colantur,
1197 2706 1201 2714 r

204 2754 349 2819 quantum
362 2747 535 2806 vadimonia
550 2762 607 2806 sua
622 2753 712 2820 atque
726 2747 824 2805 aliena
839 2754 1003 2820 occupent,
1023 2755 1170 2822 quantum

205 2828 359 2901 convivia,
382 2845 462 2904 qnae
481 2831 540 2888 iarn
556 2829 625 2905 ipsa
639 2829 741 2890 cilicia
755 2837 840 2890 sunt:
864 2830 999 2904 videbis,
1022 2830 1170 2906 quemad-

204 2912 327 2973 modum
347 2914 416 2973 illos
430 2912 584 2988 respirare
598 2929 657 2972 non
674 2913 774 2974 sinant
786 2915 835 2973 vel
849 2915 929 2973 male
942 2929 999 2973 sua
1013 2916 1061 2974 vel
1076 2914 1161 2975 bona

175 2996 341 3071 abeatque
360 2997 436 3057 inter
456 3012 562 3057 omnes
582 2997 723 3056 convenit
736 2998 847 3058 nullam
862 3014 925 3057 rem
939 2997 1018 3057 bene
1032 2997 1170 3058 exerceri

205 3097 299 3155 posse
311 3080 481 3143 abhontine
491 3088 649 3155 occupato,
661 3098 722 3141 non
734 3081 946 3156 eloquentium,
957 3098 1017 3141 non
1027 3082 1169 3141 liberales

205 3163 397 3239 disciplinas,
421 3165 544 3239 quando
560 3165 714 3226 districtus
728 3166 847 3226 animus
861 3163 933 3226 nihil
948 3166 1038 3226 altius
1052 3163 1170 3239 recipit

205 3248 262 3305 sed
282 3249 383 3308 omnia
402 3251 484 3309 velut
503 3249 653 3309 inculcata
668 3250 794 3324 respuit.
829 3248 932 3308 Nihil
959 3250 1083 3310 minus
1112 3257 1172 3308 est

204 3331 370 3392 hominis
397 3334 579 3407 occupati
613 3350 721 3409 quam
752 3332 892 3393 vivere.
931 3333 1078 3394 nullius
1113 3331 1169 3392 rei

205 3414 417 3474 difficilior
439 3418 605 3478 scientia
621 3424 688 3477 εει.
717 3418 912 3491 professores
925 3417 1049 3476 aliarum
1063 3419 1170 3476 artium

204 3498 294 3572 volgo
315 3499 461 3575 multique
481 3508 560 3560 sunt,
597 3502 744 3576 quasdam
760 3517 833 3561 vero
848 3517 887 3560 ex
901 3500 949 3561 his
964 3501 1050 3576 pueri
1066 3501 1171 3560 admo·
