2438 3968
235 243 335 302 DIAL.
358 242 409 300 lV.
436 241 486 300 DE
510 241 577 300 [ΒΑ
598 240 670 298 LlB.
692 240 728 298 ll.
750 247 881 301 itt-at.
1002 238 1042 301 67

64 396 189 457 lubriter
204 394 326 468 institui,
343 393 466 453 difficile
480 400 580 452 autem
594 392 730 465 regimen
744 399 799 465 est,
816 394 887 467 quia
902 394 975 453 dare
990 395 1041 452 de-

63 481 171 540 bemus
188 493 322 552 operam,
337 493 376 535 nc
390 485 442 536 aut
455 477 533 535 iram·
544 474 575 534 in
589 476 647 534 illis
663 477 829 535 nutriamus
845 485 897 538 aut
910 478 1042 537 indolem

62 564 270 623 retundamus.
303 559 443 635 Diligenti
464 560 678 620 observatione
699 575 750 619 res
770 560 894 632 indiget.
929 569 1070 628 utrum-a

65 662 125 721 quc
140 646 220 705 enim
234 652 265 704 et
279 645 362 718 quod
377 643 583 703 extollendum
599 649 630 702 et
645 644 728 718 quod
740 643 970 717 deprimendum
983 652 1039 716 est,

63 728 213 790 similibus
228 727 325 787 alitur.
361 726 450 787 lacile
464 734 563 786 autem
584 726 674 786 etiam
697 727 911 786 adtendentem
933 728 1042 786 similia

63 814 229 886 decipiunt.
263 811 378 871 Crescit
396 809 517 870 licentia
541 811 682 885 spiritus,
703 811 848 870 servitute
864 812 1069 880 comminui-3

63 905 119 957 tur.
151 894 302 968 adsurgit,
324 893 352 954 si
365 893 520 967 laudatur,
536 902 566 953 et
580 896 608 952 in
625 910 712 969 spem
727 895 774 953 sui
789 895 900 953 bonam
915 895 1040 954 adduci-

62 985 125 1051 tur,
148 980 205 1039 scd
225 979 334 1038 eadem
356 978 415 1037 ista
428 978 619 1037 insolentiam
634 984 664 1036 et
678 978 863 1037 iracundiam
878 986 1039 1052 generant:

62 1063 108 1121 sic
123 1063 226 1137 itaque
240 1062 317 1121 inter
337 1067 498 1136 utrumque
520 1061 673 1135 regendus
695 1068 755 1133 est,
782 1068 814 1120 nt
834 1064 925 1122 modo
948 1061 1040 1120 lrenis

63 1153 198 1219 utamur,
217 1145 309 1205 modo
325 1145 465 1205 stimulis.
497 1143 574 1204 Nihil
590 1145 716 1217 humile,
731 1144 803 1203 nibil
819 1146 929 1205 servile
944 1147 1070 1220 palia-4

62 1237 121 1289 tur.
152 1244 316 1304 numquam
333 1228 374 1286 illi
387 1243 517 1287 neeesse
531 1227 570 1287 sit
584 1245 693 1302 rogare
707 1229 885 1303 suppliciter
899 1245 955 1287 nec
970 1244 1040 1303 pro-

63 1311 103 1372 sit
117 1328 255 1387 rogasse,
270 1312 372 1386 potius
388 1327 500 1371 causae
515 1326 590 1370 suae
602 1319 632 1371 et
640 1312 792 1385 prioribus
805 1313 892 1371 lactis
908 1320 938 1372 et
951 1313 1040 1372 bonis

63 1397 93 1455 in
119 1397 251 1455 futurum
273 1394 433 1469 promissis
454 1394 592 1453 donetur.
624 1396 657 1454 ln
686 1393 901 1455 certaminibus
927 1412 1067 1470 aequa-5

63 1481 136 1538 lium
151 1495 208 1537 nec
223 1479 301 1537 vinci
317 1478 400 1536 illum
415 1477 563 1552 patiamur
577 1493 634 1537 nec
648 1477 748 1537 irasci.
782 1479 889 1537 demus
905 1494 1039 1553 operam,

64 1572 96 1623 ut
110 1560 267 1621 familiaris
283 1560 323 1620 sit
337 1561 390 1633 iis,
415 1575 486 1620 curn
507 1559 617 1634 quibus
634 1561 819 1620 contendere
841 1565 934 1636 solet,
960 1569 992 1622 ut
1011 1563 1040 1620 in

64 1645 230 1705 certamine
245 1644 409 1704 adsuescat
428 1658 490 1702 non
504 1659 617 1704 nocere
631 1646 717 1717 velle,
734 1646 790 1704 sed
805 1644 937 1705 vincere.
965 1662 1039 1719 quo·

65 1730 144 1788 tiens
160 1728 351 1802 superaverit
365 1734 394 1786 et
409 1727 533 1801 dignum
548 1726 661 1803 aliquid
678 1729 767 1787 laude
782 1728 903 1802 fecerit,
926 1729 1039 1801 adtolli,

64 1828 126 1872 non
142 1812 254 1885 gestire
269 1811 427 1886 patiamur.
458 1812 601 1884 gaudium
616 1811 696 1870 enim
711 1812 888 1887 exsultatio,
907 1813 1039 1872 exsulta·

65 1895 175 1955 tionem
189 1901 288 1955 tumor
302 1901 332 1953 et
346 1894 435 1953 nimia
454 1893 622 1955 aestimatio
639 1893 688 1955 sui
709 1896 854 1970 sequitur.
894 1896 1038 1956 Dabimus
1052 1907 1068 1961 6

63 1977 189 2054 aliquod
203 1980 421 2050 laxamentum,
442 1979 472 2036 in
494 1977 642 2037 desidiam
656 1994 730 2038 vero
747 1980 901 2054 otiumque
917 1996 977 2040 non
993 1995 1039 2038 re-

64 2064 221 2121 solvemus
247 2068 276 2120 et
301 2062 407 2136 procul
428 2076 447 2119 a
468 2067 607 2122 contactu
632 2061 807 2122 deliciarum
832 2064 1038 2123 retinebimus.

63 2145 136 2205 nihil
151 2144 231 2204 enim
246 2145 344 2219 magis
359 2145 430 2205 lacit
444 2145 606 2205 iracundos
623 2162 714 2221 quarn
729 2147 868 2207 educatio
891 2148 989 2207 mollis
1011 2153 1040 2205 et

61 2227 189 2288 blanda:
211 2228 280 2288 idco
294 2227 394 2288 unicis
411 2245 471 2303 quo
486 2230 555 2304 plus
576 2230 761 2304 indulgetur,
776 2231 961 2305 pupillisque
976 2245 1038 2304 quo

19 2374 31 2382 .-
64 2313 134 2386 plus
154 2312 237 2385 licet,
260 2313 430 2386 corruptior
449 2313 566 2372 animus
587 2320 643 2372 est.
679 2313 745 2372 Non
769 2314 891 2373 resistet
911 2312 1039 2373 offensis

63 2395 114 2455 cui
132 2394 205 2456 nihil
226 2411 369 2470 umquam
390 2403 532 2469 negatum
553 2402 614 2468 est,
642 2395 729 2456 cuins
750 2396 889 2455 lacrimas
911 2395 1041 2456 sollicita

63 2494 188 2552 semper
202 2488 297 2540 mater
312 2479 461 2550 abstersit,
478 2480 527 2538 cui
538 2480 577 2539 de
589 2481 769 2554 paedagogo
782 2480 969 2540 satisfactum
982 2486 1037 2538 est.

61 2562 130 2621 Non
145 2561 247 2634 vides,
262 2569 295 2622 ut
309 2561 454 2623 maiorem
470 2577 623 2638 quamque
644 2565 793 2623 fortunam
814 2563 910 2623 maior
929 2563 975 2622 ira
990 2571 1067 2629 cot

61 2639 204 2705 miteturl'
234 2647 264 2705 in
280 2645 424 2705 divitibus
440 2653 470 2705 et
490 2645 640 2705 nobilibus
657 2653 686 2705 et
707 2645 932 2720 magistratibus
950 2662 1039 2721 prae·

62 2731 154 2805 cipue
170 2730 304 2804 adparet,
320 2745 390 2789 cum
406 2729 550 2803 quicquid
567 2730 634 2788 leve
649 2738 679 2790 et
698 2732 787 2788 inane
803 2729 947 2790 inanimo
964 2737 1038 2803 erat,

62 2813 201 2873 secunda
216 2829 250 2874 se
266 2829 340 2873 aura
354 2813 484 2872 sustulit.
517 2813 655 2873 Felicitas
671 2812 857 2873 iracundiam
872 2815 969 2885 nutrit,
986 2813 1038 2874 ubi

61 2913 154 2957 aures
173 2896 324 2972 superbas
342 2897 569 2957 adsentatorum
590 2897 676 2956 turba
691 2897 925 2972 circumstrepit:
953 2896 1038 2969 „Tibi

61 2981 143 3041 enim
165 2979 215 3041 ille
233 2981 442 3056 respondeat?
473 2997 534 3040 non
561 2996 615 3054 pro
643 2980 763 3055 fastigio
789 2987 817 3040 te
837 2989 888 3041 tuo
909 2979 1037 3040 metiris:

61 3066 132 3139 ipse
149 3072 178 3125 te
199 3064 345 3139 proicis.“
383 3070 413 3123 et
433 3064 491 3123 alia
510 3063 620 3139 quibus
641 3062 694 3123 vix
718 3080 812 3124 sanae
837 3070 867 3123 et
891 3063 929 3123 ab
954 3063 1037 3124 initio

60 3149 143 3208 bene
159 3149 302 3208 fundatae
322 3155 438 3208 mentes
458 3149 640 3209 restiterunt.
676 3149 781 3222 Longe
802 3147 903 3223 itaque
924 3146 962 3206 ab
984 3149 1066 3218 adg

61 3232 234 3293 sentationc
254 3232 383 3308 pueritia
402 3231 589 3293 removenda
609 3238 665 3291 εει.
707 3232 808 3290 audiat
826 3248 933 3292 verum
952 3239 982 3292 et
1000 3231 1036 3292 ti·

60 3323 144 3375 meat
156 3315 284 3390 interim,
300 3323 441 3376 vereatur
458 3331 587 3390 semper.
620 3315 784 3375 maioribus
806 3316 958 3391 adsurgat.
992 3316 1036 3375 ni-

61 3398 104 3458 bil
131 3415 187 3474 per
207 3400 394 3461 iracundiam
413 3407 529 3460 exoret.
569 3399 652 3474 quod
673 3397 757 3459 ilenti
782 3408 923 3475 negatum
950 3400 1038 3461 luerit

63 3485 167 3559 quieto
190 3484 343 3545 offeratur.
382 3491 411 3543 et
431 3482 551 3543 divitias
571 3491 727 3558 parentum
745 3482 775 3542 in
797 3490 964 3559 conspectu
984 3483 1037 3542 lna·

792 3565 837 3630 δὴ
