2438 3968
194 265 258 330 210
398 266 431 325 L.
453 266 599 325 ANNAEI
621 266 795 328 SENECAE
810 268 914 330 DIAL.
929 269 966 329 X.

197 437 320 497 quoque
342 420 454 480 invasit
472 419 563 480 inane
585 419 717 482 studium
732 437 924 495 supervacua
940 422 1080 482 discendi
1125 423 1172 483 his

197 506 304 567 diebus
320 504 422 564 audivi
439 505 602 578 quemdam
616 505 805 578 referentem,
819 521 898 578 quae
909 505 1026 580 primus
1039 504 1172 581 quisque

195 607 236 651 ex
248 589 396 650 Romanis
412 586 542 648 ducibus
557 588 697 649 lecisset:
712 589 828 663 primus
841 589 941 648 navali
958 588 1077 664 proelio
1089 591 1171 650 Duil-

196 675 255 735 lius
269 674 355 747 vicit,
379 671 494 747 primus
511 671 619 733 Curius
633 673 779 733 Dentatus
794 673 824 731 iu
840 672 993 748 triumpho
1009 673 1098 734 duxit
1111 676 1171 734 ele-

196 758 337 833 phantos.
360 757 540 817 Etiamnunc
553 755 627 830 ista,
642 757 701 817 etsi
715 757 754 816 ad
768 770 873 816 veram
888 758 1019 831 gloriam,
1031 774 1094 818 non
1108 763 1171 818 ten-

197 843 286 915 dunt,
308 842 390 901 circa
411 839 543 900 civilium
564 845 664 899 lamen
685 856 813 916 operum
836 843 977 916 exempla
999 849 1171 902 versantur.

196 942 259 988 non
281 931 330 986 est
351 925 509 999 profutura
529 924 598 985 talis
619 925 761 998 scientia,
786 931 963 997 esttamen,
992 940 1073 1000 quae
1089 931 1170 999 [nos]

164 1008 343 1085 ispeciosa
356 1024 458 1069 rerum
472 1007 605 1068 vanitate
620 1009 761 1068 detineat.
783 1009 849 1068 Hoc
864 1024 989 1082 quoque
998 1010 1170 1084 quaerenti·

196 1094 255 1154 bus
270 1092 467 1165 remittamus,
484 1091 553 1166 quis
569 1092 716 1152 RomanIs
731 1091 845 1168 primus
861 1092 1050 1167 persuaserit
1062 1109 1171 1153 navem

197 1177 427 1238 conscenderet
452 1175 596 1235 Claudius
617 1176 643 1235 is
666 1177 735 1248 luit,
755 1175 910 1236 Caudex
933 1177 972 1236 ob
993 1176 1054 1237 hoc
1069 1176 1171 1252 ipsum

196 1262 383 1336 adpellatus,
408 1259 479 1334 quia
499 1260 629 1335 plurium
648 1261 819 1320 tabularum
841 1267 1001 1319 contextus
1018 1263 1171 1321 caudex

197 1346 279 1421 apud
294 1345 437 1418 antiquos
453 1351 595 1419 vocatur,
618 1345 701 1404 uude
716 1343 857 1419 publicae
872 1344 991 1404 tabulae
1007 1345 1171 1405 codices

196 1431 337 1490 dicuntur
353 1436 383 1488 et
396 1444 492 1488 naves
507 1444 588 1487 nunc
606 1444 739 1503 quoque,
754 1442 833 1502 quae
851 1443 889 1487 ex
904 1427 1028 1503 antiqua
1039 1445 1170 1488 consue

195 1513 301 1575 tudine
316 1520 503 1575 commeatus
517 1513 731 1587 [perTiberim]
743 1512 926 1586 subvehunt
942 1512 1171 1572 codicariae

166 1606 354 1662 evocantur.
388 1597 469 1657 Sane
490 1605 519 1656 et
533 1596 591 1656 hoc
605 1596 645 1655 ad
660 1595 904 1670 rem‘pertineat,
927 1597 1010 1670 quod
1025 1596 1169 1656 Valerius

197 1680 347 1742 Corvinus
364 1680 479 1756 primus
494 1679 668 1740 Messanam
685 1680 754 1739 vicit
766 1687 796 1738 et
807 1680 921 1755 primus
934 1696 972 1739 ex
984 1680 1098 1740 familia
1108 1681 1168 1742 va

105 1788 106 1791 ¹
196 1766 337 1824 lariorum
358 1764 442 1824 urbis
465 1771 573 1838 captae
594 1764 624 1822 in
640 1780 675 1824 se
689 1764 834 1824 translato
851 1763 972 1824 nomine
986 1764 1170 1824 Messana

197 1847 368 1923 adpellatus
380 1855 427 1907 est
440 1848 647 1922 paulatimque
658 1849 749 1921 volgo
762 1854 950 1922 permutante
963 1848 1066 1909 literas
1077 1848 1133 1907 Me
1142 1866 1170 1907 s·

169 1932 297 1994 dsalla
308 1932 417 1990 dictus.
430 1931 506 2007 Num
521 1939 551 1990 et
561 1932 620 1991 hoc
633 1931 775 2006 cuiquam
787 1947 895 1991 curare
907 1932 1071 2006 permittes,
1086 1933 1171 2007 quod

197 2015 312 2089 primus
328 2015 360 2072 L.
374 2012 458 2073 Sulla
472 2015 502 2071 in
518 2013 599 2073 circo
616 2016 722 2074 leones
738 2016 856 2076 solutos
869 2016 960 2089 dedit,
973 2032 1042 2074 cum
1054 2016 1170 2089 alioqui

197 2099 320 2173 adligati
335 2099 491 2171 darentur,
506 2096 546 2156 ad
562 2099 770 2158 conficiendos
789 2114 843 2159 eos
860 2098 962 2158 missis
977 2114 1080 2174 aroge
1090 2100 1169 2160 Boo·

197 2182 254 2244 cho
271 2182 509 2242 iaculatoribus?
529 2189 559 2242 et
572 2182 631 2242 hoc
648 2199 723 2242 sane
736 2180 911 2242 remittatur.
944 2183 1022 2242 Num
1037 2191 1067 2242 et
1081 2183 1169 2244 Pom-

197 2268 299 2342 peium
308 2266 436 2342 primum
444 2266 474 2324 in
483 2266 565 2325 circo
577 2266 806 2341 elephantorum
818 2265 1027 2340 duodeviginti
1036 2283 1169 2341 pugnam

197 2351 335 2411 edidisse
355 2350 528 2410 commissis
542 2366 627 2410 more
642 2351 749 2425 proelii
764 2351 864 2411 noxiis
879 2350 1053 2410 hominibus
1069 2352 1109 2411 ad
1124 2354 1168 2412 ul-

196 2434 256 2494 lam
276 2451 340 2494 rem
354 2434 466 2494 bonam
480 2435 629 2510 pertinet?
653 2435 795 2510 princeps
812 2434 941 2495 civitatis
955 2441 986 2494 et
1000 2434 1079 2495 inter
1092 2436 1169 2496 anti·

197 2536 277 2594 quos
294 2519 462 2594 principes,
484 2525 517 2577 ut
530 2519 610 2577 lama
624 2517 762 2590 tradidit,
778 2518 920 2578 bonitatis
939 2518 1085 2590 eximiae,
1105 2534 1168 2578 me·

196 2603 342 2663 morabile
359 2602 473 2677 putavit
487 2603 655 2676 spectaculi
669 2617 766 2676 genus
782 2618 862 2662 novo
874 2618 958 2662 more
970 2603 1101 2678 perdere
1114 2602 1168 2662 ho-

196 2687 303 2746 mines.
337 2687 533 2760 depugnant?
546 2701 653 2761 parum
668 2693 723 2746 est.
756 2684 969 2746 lancinantur?
983 2702 1088 2761 parum
1106 2693 1167 2746 est:

168 2770 311 2844 lingenti
336 2772 417 2830 mole
438 2767 610 2828 animalium
631 2777 814 2834 exterautur.
848 2768 950 2830 Satius
973 2776 1038 2829 erat
1059 2770 1168 2831 istain

197 2852 382 2914 oblivionem
396 2854 454 2927 ire,
471 2853 593 2927 nequis
610 2861 719 2928 postea
734 2861 845 2928 potens
861 2854 994 2914 disceret
1004 2853 1168 2914 invideret·

197 2954 258 3014 que
273 2938 317 2996 rei
331 2936 453 2998 minime
467 2937 627 2997 humanae.
662 2936 685 2996 0
702 2946 847 3013 quantum
862 2935 1000 3012 caliginis
1014 2937 1167 2999 mentibus

198 3023 309 3083 nostris
332 3022 424 3082 obicit
437 3036 549 3094 magna
563 3021 704 3081 felicitas!
738 3022 792 3080 Ille
807 3037 842 3082 se
857 3037 951 3096 supra
964 3037 1066 3082 rerum
1081 3029 1168 3082 natu

197 3123 261 3165 ram
276 3121 347 3166 esse
360 3113 433 3166 tunc
449 3104 591 3178 credidit,
608 3121 676 3164 cum
690 3113 735 3166 tot
748 3106 929 3167 miserorum
943 3105 1101 3167 hominum
1117 3121 1167 3167 ca-

198 3198 299 3250 tervas
322 3190 378 3249 sub
398 3189 457 3250 alio
484 3189 570 3250 coelo
591 3190 669 3248 natis
684 3190 782 3250 beluis
797 3187 945 3263 obiceret,
971 3205 1041 3249 cum
1055 3190 1168 3249 bellum

198 3273 349 3333 intertum
367 3274 502 3349 disparia
517 3273 657 3332 animalia
672 3274 884 3346 committeret,
907 3289 976 3333 cum
990 3274 1021 3332 in
1037 3287 1169 3349 conspe·

199 3362 248 3415 otu
272 3357 377 3431 populi
391 3356 520 3418 Romani
540 3358 664 3418 multum
686 3358 841 3433 sanguinis
856 3357 996 3417 tunderet
1009 3372 1083 3418 mox
1098 3358 1168 3433 plus

108 3472 127 3513 s
199 3441 300 3515 ipsum
326 3441 453 3500 lundere
478 3448 655 3501 coacturus:
681 3448 712 3500 at
735 3442 815 3500 idem
836 3441 1191 3516 posteaAlexandrina'

192 3523 327 3598 perfidia
359 3524 505 3599 deceptus
535 3525 639 3584 ultimo
665 3524 817 3600 mancipio
843 3525 1107 3587 uanslodiondum
1134 3539 1169 3585 se
