2438 3968
184 249 245 313 144
354 251 386 308 a.
408 251 555 311 annam
577 219 752 313 sananim
774 253 877 314 oran.
900 254 965 314 vn.

182 403 323 467 omnibus
337 404 440 476 malis,
463 420 531 463 cum
546 421 607 464 non
624 413 738 467 tantum
752 408 972 484 lacerationes,
994 410 1054 471 sed
1069 409 1160 472 edam

182 486 388 549 vellicationes
415 487 568 562 effugerit,
595 498 710 550 statura
734 507 858 566 semper
881 493 934 552 ubi
961 486 1098 564 constitit
1124 514 1160 556 ac

181 574 285 634 sedem
300 588 387 632 suam
402 572 492 632 etiam
506 571 582 633 irata
597 581 627 633 et
640 575 802 634 infestante
819 576 941 636 fortuna
955 577 1159 641 vindicatura

151 659 253 717 tNam
273 658 356 732 qnod
378 656 417 715 ad
439 657 625 730 voluptatem
645 659 789 733 pertinet,
810 660 881 720 licet
895 661 1161 724 circumfundatur

180 742 313 816 undique
328 748 358 800 et
372 755 427 815 per
440 756 547 801 omnes
562 742 628 800 vias
643 743 750 803 inilnat
760 743 957 818 animumque
968 746 1159 807 blandimen-

178 828 216 887 tis
242 827 305 886 suis
327 825 419 884 leniat
441 826 561 900 aliaque
582 842 621 884 ex
646 827 713 887 aliis
737 827 912 901 admoveat,
941 830 1054 902 quibus
1077 838 1159 892 totos

179 919 345 987 partesque
371 910 466 969 nostri
493 906 648 970 sollicitet:
681 912 748 986 quis
773 911 958 987 mortalium,
986 913 1037 973 cui
1064 916 1159 976 ultum

180 1002 322 1071 superest
336 993 467 1053 hominis
481 995 656 1069 vestigium,
680 1011 734 1070 per
753 994 831 1054 diem
848 1002 1033 1072 noctemque
1045 999 1158 1058 titillari

181 1080 259 1152 velit,
277 1079 399 1137 deserto
415 1078 515 1137 animo
533 1080 656 1154 corpori
677 1095 799 1153 operam
817 1080 911 1141 darer
1084 1131 1086 1139 .

152 1176 165 1226 t
240 1164 292 1222 Vl.
315 1160 398 1236 „Sed
413 1163 531 1223 animus
549 1180 688 1238 quoque,
710 1162 821 1237 inquit,
842 1165 1017 1238 voluptates
1032 1164 1159 1226 habebit

180 1253 284 1313 suas.“
315 1246 434 1307 Habeat
458 1263 533 1306 sanc
559 1249 728 1322 sedeatque
753 1247 889 1309 luxuriae
914 1253 944 1306 et
965 1249 1157 1324 voluptatum

180 1333 306 1405 arbiter,
330 1327 444 1405 inpleat
462 1347 496 1392 se
514 1332 559 1391 eis
582 1333 737 1403 omnibus,
766 1347 845 1405 qnae
866 1330 1022 1411 oblectare
1043 1349 1156 1396 sensus

181 1420 289 1477 solent.
323 1415 434 1476 deinde
459 1417 620 1491 praeterita
638 1415 784 1489 respiciat
804 1421 835 1474 et
856 1416 1045 1477 exoletarum
1071 1420 1144 1479 volu

182 1510 294 1574 piatam
310 1516 425 1560 memor
440 1501 572 1561 exsultet
586 1500 739 1576 prioribus
755 1499 925 1573 futurisque
940 1499 1000 1577 iam
1011 1500 1157 1563 inmineat

180 1602 216 1645 ac
232 1601 305 1660 spes
324 1594 397 1645 suas
414 1586 547 1656 ordinet,
569 1594 600 1645 et
613 1585 684 1645 dum
700 1600 813 1657 corpus
827 1583 859 1642 in
875 1581 1031 1658 praesenti
1048 1585 1157 1660 sagina

180 1670 274 1742 iacet,
297 1669 496 1744 cogitationes
519 1670 558 1728 ad
579 1669 679 1729 iutura
700 1667 885 1741 praemittat:
908 1666 968 1727 hoc
984 1668 1057 1729 mihi
1071 1669 1155 1729 vide-

180 1753 260 1812 bitur
280 1752 432 1825 mis'erior,
455 1753 596 1827 qnoniam
618 1751 696 1810 mala
712 1767 766 1825 pro
782 1751 870 1811 bonis
886 1752 988 1824 legere
1003 1753 1158 1813 dementia

181 1843 237 1895 est.
271 1853 327 1895 nec
347 1836 414 1895 sine
435 1837 562 1896 sanitate
584 1836 747 1911 quIsquam
768 1835 875 1895 beatus
898 1842 945 1894 est
970 1850 1029 1896 nec
1048 1853 1152 1906 sanus,

153 1920 229 1981 teni
246 1919 345 1979 lutura
360 1936 416 1994 pro
432 1920 553 1994 optimis
571 1921 763 1994 adpetuntur.
790 1919 903 1980 Beatus
919 1933 992 1992 ergo
1008 1926 1057 1979 est
1078 1921 1153 1981 iudi-

181 2001 218 2061 cii
239 2009 351 2081 rectus.
380 2004 488 2063 beatus
511 2011 559 2063 est
573 2005 799 2078 praesentibus,
823 2002 1059 2079 qualiacumque
1076 2014 1155 2079 sunt,

86 2143 88 2148 .
180 2094 340 2146 contentus
352 2087 530 2162 amicusque
542 2087 633 2147 rebus
647 2089 722 2147 suis.
743 2087 850 2148 beatus
863 2087 957 2160 estis,
973 2089 1021 2146 cui
1033 2104 1155 2148 omnem

180 2171 315 2230 habitum
331 2186 432 2230 rerum
448 2187 571 2231 suarum
586 2173 661 2232 ratio
678 2172 878 2231 commendat.

151 2264 168 2316 3
244 2255 281 2290 **
295 2259 477 2330 [voluptates]
491 2255 529 2290 **
546 2257 671 2316 videt'ct
685 2257 714 2314 in
732 2256 790 2316 illis
807 2255 858 2331 qui
873 2271 1023 2316 summum
1038 2255 1155 2319 bonnm

180 2338 324 2413 dixerint,
346 2356 436 2414 quam
451 2341 530 2414 turpi
544 2341 618 2400 illud
639 2342 706 2400 loco
724 2339 889 2413 posuerint.
918 2340 1021 2417 itaque
1041 2351 1157 2416 negant

179 2441 299 2500 posse
320 2425 557 2497 voluptatem
578 2441 596 2484 a
616 2425 760 2485 virtute
781 2424 924 2508 deduci
946 2431 976 2484 et
997 2423 1155 2487 aiuntnec

178 2509 306 2570 honeste
330 2524 513 2584 quemquam
533 2507 651 2580 vivere,
679 2515 711 2567 ut
737 2524 795 2567 non
817 2507 949 2567 iucunde
973 2507 1070 2581 vivat,
1097 2525 1155 2568 nec

179 2594 319 2665 iucunde,
337 2601 370 2653 ut
385 2609 445 2652 non
460 2593 589 2651 honeste
606 2607 739 2668 quoquc.
1099 2656 1102 2667 Ι

152 2688 166 2739 1
241 2678 306 2738 vtt.
328 2677 394 2736 Non
410 2675 501 2736 video
517 2678 672 2752 quomodo
687 2677 746 2735 ista
759 2681 819 2734 tam
836 2675 958 2743 diversa
970 2674 1002 2734 in
1014 2676 1157 2747 eamdem

180 2762 320 2834 copulam
347 2760 544 2820 conicientur.
579 2761 650 2836 quid
676 2766 738 2831 est,
763 2776 817 2819 oro
844 2775 916 2842 tros,
942 2774 995 2818 cur
1016 2761 1157 2835 separari

181 2846 320 2919 voluptas
336 2861 354 2904 a
370 2844 479 2905 virtute
494 2861 555 2904 non
573 2845 693 2919 possiti
717 2843 858 2924 videlicet
872 2843 944 2918 quia
959 2856 1049 2903 omne
1063 2842 1157 2904 bonis

179 2945 216 2988 ex
233 2928 340 2989 virtute
361 2928 543 3008 principium
565 2937 627 3000 est,
652 2943 691 2986 ex
710 2927 801 2987 huius
821 2923 976 2987 radicibus
996 2927 1086 2992 ‚etiam
1108 2943 1156 2999 ea,

179 3029 257 3087 quae
279 3029 337 3074 vos
359 3011 517 3082 clamatis
540 3019 568 3070 et
591 3009 747 3087 expetitis,
774 3011 931 3087 oriuntur?
963 3009 1026 3091 Sed
1049 3011 1076 3071 si
1097 3012 1159 3073 ista

178 3095 344 3157 indiscreta
361 3105 480 3170 essent,
498 3111 558 3156 non
575 3096 747 3154 videremus
764 3094 914 3169 quaedam
930 3093 1079 3169 incunda,
1099 3096 1158 3155 sed

179 3186 260 3253 [non]
275 3181 418 3252 honesta,
443 3179 593 3255 quaedam
608 3195 682 3239 vero
705 3178 934 3251 honestissima,
954 3179 1011 3260 sed
1032 3194 1156 3255 aspera,

149 3271 234 3338 iper
248 3265 373 3324 dolores
389 3264 548 3340 exigenda.
575 3264 673 3322 Adice
689 3278 784 3336 nunc,
807 3263 890 3337 quod
905 3264 1046 3337 voluptas
1063 3257 1156 3323 etiam

179 3346 217 3406 ad
233 3347 324 3406 vitam
338 3347 543 3421 turpissimam
566 3347 667 3428 venit,
681 3355 711 3406 at
731 3346 825 3406 virtus
849 3346 957 3418 malam
977 3345 1070 3406 vitam
1091 3363 1154 3418 non

179 3430 315 3492 admittit.
338 3438 368 3491 et
381 3431 517 3491 infelices
533 3431 655 3507 quidam
671 3446 732 3489 non
748 3429 814 3489 sine
825 3430 990 3506 voluptate,
1005 3429 1098 3490 immo
1113 3432 1155 3492 ob

179 3515 277 3591 ipsam
293 3516 477 3590 voluptatem
500 3523 577 3587 sunt,
602 3516 683 3590 quod
699 3530 758 3575 non
774 3513 922 3583 eveniret,
945 3513 971 3572 si
993 3513 1095 3572 virtuti
1119 3530 1156 3574 se
