2438 3968
132 232 194 295 252
319 234 353 292 L.
372 234 519 294 ANNAEI
540 233 715 294 SENECAE
735 235 837 295 DIAL.
849 234 913 295 xil.

132 387 307 460 suppletum
327 385 381 457 sit,
409 384 481 458 quia
506 385 664 445 defuerat?
695 384 749 444 His
773 401 845 460 ergo
868 386 1031 448 advocatis
1049 403 1111 448 non

131 475 246 531 tantum
261 475 323 528 tuta
337 475 398 541 est,
418 469 475 528 sed
488 467 578 527 etiam
592 470 727 544 gratiosa
742 477 917 544 paupertas.

104 565 119 618 1
193 552 270 611 Xlll.
297 552 491 627 Responderi
506 559 623 626 potest:
649 552 748 626 „Quid
762 553 929 613 arulieiose
943 553 1004 614 ista
1019 553 1109 614 didu-

133 635 193 710 cis,
219 651 318 711 quae
347 637 503 710 singula
527 636 717 697 sustineri
745 643 929 711 possunt,
959 639 1110 698 collata

132 736 206 781 non
228 726 421 795 possuntt
453 720 641 780 conmutatio
655 719 716 780 loci
730 721 895 781 tolerabilis
910 730 973 792 est,
1000 723 1025 780 si
1045 728 1109 781 tan·

132 813 194 865 tum
209 805 309 865 locum
324 810 432 863 mutes.
455 810 620 878 paupertas
635 804 801 865 tolerabilis
817 811 877 875 est,
898 805 926 864 si
940 805 1110 878 ignominia

103 888 226 960 aabsit,
250 903 329 961 qaae
345 887 393 946 vel
404 889 472 947 sola
485 887 657 961 opprimere
668 888 786 948 animos
799 890 909 948 solet.“
943 890 1108 950 Adversus

133 972 213 1031 hunc
225 971 365 1045 quisquis
377 987 424 1030 me
437 973 585 1030 malorum
596 971 684 1032 turba
696 972 833 1044 terrebit,
846 971 892 1031 his
904 971 1011 1034 verbis
1022 982 1106 1034 uten-

113 1057 204 1132 ,dum
219 1055 290 1114 erit=
314 1053 352 1114 Si
370 1061 506 1114 contra
521 1056 849 1130 unamquamlibet
863 1064 1013 1130 partem
1031 1059 1105 1118 lor-

115 1145 249 1198 itunae
276 1137 375 1198 satis
404 1138 473 1199 tibi
498 1139 656 1199 roboris
685 1146 759 1210 est,
790 1141 889 1199 idem
909 1140 1106 1201 adversus

134 1223 255 1282 omnis
278 1223 360 1282 erit.
397 1238 465 1283 cum
487 1225 581 1282 semel
603 1223 735 1283 animum
749 1223 845 1283 virtus
860 1223 1030 1298 induravit,
1053 1242 1106 1283 un-

133 1306 225 1383 dique
246 1306 494 1367 invulnerabilem
510 1313 658 1381 praestat:
681 1308 707 1366 si
722 1307 848 1366 avaritia
862 1307 992 1379 dimisit,
1015 1309 1105 1368 velre

132 1390 321 1452 montissima
341 1389 462 1464 generis
481 1389 604 1450 humani
625 1392 737 1465 pestis,
766 1407 880 1451 moram
901 1390 953 1451 tibi
980 1393 1104 1454 ambitio

133 1491 195 1536 non
210 1475 308 1534 laciet.
330 1473 357 1534 si
371 1475 505 1535 ultimum
519 1475 598 1534 diem
609 1491 670 1534 non
683 1475 772 1549 quasi
784 1491 929 1550 poenam,
945 1476 1004 1535 sed
1018 1477 1106 1551 quasi

134 1566 260 1619 naturae
279 1561 378 1632 legem
394 1557 546 1633 adspicis,
569 1574 608 1617 ex
623 1574 683 1634 qno
699 1565 824 1634 pectore
838 1567 950 1619 metum
965 1558 1104 1632 eieceris,

103 1643 164 1706 tin
179 1644 210 1702 id
225 1641 335 1702 nullius
350 1643 394 1703 rei
406 1644 495 1703 timor
506 1642 630 1704 audebit
639 1642 760 1703 intrare.
783 1644 809 1703 si
821 1642 938 1717 cogitas
949 1643 1105 1703 libidinem

133 1743 195 1789 non
216 1726 382 1801 voluptatis
397 1743 491 1787 causa
506 1727 619 1787 homini
633 1728 750 1800 datam,
772 1728 829 1786 sed
845 1728 1038 1802 propagandi
1053 1743 1105 1802 ge·

134 1810 232 1882 neris,
248 1826 338 1884 quem
353 1825 413 1869 non
426 1810 584 1870 violaverit
594 1809 653 1870 hoc
663 1820 815 1871 secretum
826 1818 856 1870 et
866 1810 995 1870 infixum
1008 1812 1104 1871 visce-

133 1893 219 1953 ribus
238 1893 316 1968 ipsis
336 1893 474 1967 exitium,
496 1895 594 1954 omnis
615 1895 673 1954 alia
689 1894 840 1970 cupiditas
856 1895 1002 1954 intactum
1017 1910 1103 1970 prae-

134 1976 243 2037 teribit.
279 1977 345 2036 Non
368 1978 487 2051 singula
508 1977 579 2037 vitia
598 1977 690 2051 ratio,
713 1979 769 2038 sed
791 1977 903 2052 pariter
917 1979 1021 2039 omnia
1035 1994 1105 2054 pro-

104 2059 255 2121 lsternitr
277 2061 307 2119 in
321 2061 497 2120 universum
510 2062 605 2120 semel
620 2062 756 2122 vincitur.
788 2061 956 2136 Ignominia
969 2069 1004 2122 tu
1017 2070 1104 2137 putas

134 2161 317 2221 quemquam
335 2144 501 2219 sapientem
517 2147 631 2205 moveri
647 2161 757 2220 posse,
779 2147 830 2220 qui
846 2145 947 2205 omnia
961 2146 992 2204 in
1009 2162 1045 2206 se
1059 2162 1102 2205 re-

135 2228 250 2306 posuit,
279 2227 332 2305 qui
353 2229 391 2288 ab
412 2228 607 2304 opinionibus
627 2230 708 2304 volgi
734 2229 888 2289 secessit?
919 2231 989 2304 plus
1016 2230 1104 2289 etiam

135 2330 225 2389 quam
247 2313 413 2387 ignominia
434 2321 481 2373 est
501 2329 583 2373 mors
598 2312 817 2387 ignominiosa=
845 2311 988 2373 Socrates
1005 2321 1103 2373 tamen

134 2398 244 2459 eodem
263 2397 314 2457 illo
337 2398 435 2470 voltu,
458 2414 518 2471 quo
539 2397 658 2471 triginta
673 2405 821 2474 tyrannos
836 2398 921 2457 solus
937 2398 1104 2472 aliquando

134 2480 164 2540 in
180 2481 317 2541 ordinem
338 2482 511 2556 redegerat,
533 2497 687 2541 carcerem
700 2482 820 2542 intravit
833 2480 1030 2555 ignominiam
1046 2482 1105 2556 ipsi

133 2566 203 2627 loco
226 2565 425 2625 detracturus.
463 2565 663 2641 nequeenim
687 2572 805 2640 poterat
825 2581 931 2624 carcer
953 2565 1053 2625 videri
1073 2567 1104 2624 in

105 2658 123 2710 5
136 2665 197 2724 quo
214 2648 358 2709 Socrates
375 2656 447 2708 erat.
483 2649 557 2722 Quis
571 2665 671 2725 usque
686 2665 723 2709 eo
738 2650 777 2709 ad
789 2648 1041 2724 conspiciendam
1052 2664 1103 2707 ve·

133 2731 251 2792 ritatem
272 2740 455 2793 excaecatus
476 2740 536 2806 est,
559 2741 592 2793 ut
614 2732 809 2807 ignominiam
824 2739 909 2807 putet
924 2732 964 2791 M.
980 2732 1104 2792 Catonis

134 2816 230 2875 luisse
252 2816 404 2891 duplicem
424 2815 453 2875 in
476 2816 621 2891 petitione
641 2825 801 2891 praeturae
821 2825 850 2877 et
865 2816 1044 2878 consulatus
1058 2832 1104 2875 re-

134 2900 274 2976 pulsam?
301 2899 466 2974 ignominia
479 2902 530 2961 illa
545 2907 704 2975 praeturae
718 2908 748 2960 et
762 2904 939 2961 consulatus
951 2900 1022 2973 luit,
1039 2899 1104 2975 qui-

104 2984 190 3045 bbus
206 2999 246 3044 ex
261 2984 374 3045 Catone
387 2984 487 3045 honor
498 2985 674 3044 habebatur.
709 2984 803 3044 Nemo
816 2984 854 3044 ab
865 2984 924 3044 alio
938 2985 1105 3044 contemni·

133 3076 195 3142 tur,
217 3068 276 3129 nisi
297 3084 315 3127 a
336 3083 371 3128 se
389 3076 458 3128 ante
473 3075 664 3144 contemptus
680 3075 736 3129 est.
767 3069 888 3129 humilis
903 3075 933 3128 et
947 3065 1104 3142 proiectus

133 3152 252 3213 animus
269 3153 309 3213 sit
328 3150 378 3212 isli
392 3152 592 3228 contumeliae
608 3159 815 3227 opportunusz
838 3153 889 3228 qui
904 3167 978 3211 vero
994 3151 1104 3211 adver·

134 3251 189 3294 sus
209 3234 410 3298 saevissimos
426 3253 519 3297 casus
534 3253 568 3296 se
584 3237 699 3297 extollit
713 3244 743 3296 et
758 3253 795 3297 ea
808 3238 902 3311 mala,
925 3235 1038 3309 quibus
1053 3235 1105 3295 alii

134 3319 358 3393 opprimuntur,
374 3321 489 3395 evertit,
504 3322 588 3396 ipsas
600 3321 738 3381 miserias
749 3321 909 3380 infularum
920 3322 989 3380 loeo
1002 3319 1104 3390 habet,

134 3403 257 3476 quando
279 3404 320 3462 ita
340 3404 450 3464 adlecti
470 3421 591 3478 sumus,
614 3412 646 3465 ut
666 3404 737 3464 nihil
751 3420 851 3479 aeque
865 3419 1006 3479 magnam
1020 3403 1105 3478 apud

133 3501 191 3546 nos
215 3487 444 3548 admirationem
467 3496 613 3565 occupet,
638 3505 728 3564 qnam
748 3488 840 3549 homo
862 3489 978 3550 sortiter
999 3489 1105 3547 miser.
