2438 3968
204 227 267 289 aot
307 213 440 288 njnnn
454 229 582 289 sunno.
599 230 649 288 on
665 230 884 290 orunnnnn
899 229 1021 326 mnu.
1044 238 1072 294 r.

206 380 264 439 tiae
281 394 376 453 opera
388 386 466 440 sunt.
494 378 663 443 ,Clementia
676 380 803 440 liberum
818 380 974 440 arbitrium
988 381 1102 442 habet:
1116 398 1172 443 nou

206 463 263 522 sub
277 463 420 533 formula,
439 463 496 522 sed
510 478 550 521 ex
565 479 664 537 aequo
680 470 711 524 et
726 463 807 525 bono
823 465 945 524 iudicat.
967 473 1001 525 et
1014 465 1173 527 absolvere

205 547 247 607 ilii
265 548 335 606 lieet
350 553 380 604 et
397 547 501 620 quanti
521 547 586 608 vuit
607 554 711 607 taxare
733 548 823 608 litem.
857 547 936 607 Nihil
960 564 1003 608 ex
1026 548 1076 610 his
1096 548 1171 623 iacit,

205 639 357 705 tamquam
372 630 452 690 iusto
466 630 565 691 minus
583 631 702 705 iecerit,
717 632 775 690 sed
790 640 944 706 tamquam
958 631 992 692 id
1005 634 1093 707 quod
1104 648 1174 693 eon·

205 716 300 774 stituit
314 713 510 774 iustissimum
526 715 573 774 sit.
602 715 762 788 ignoscere
777 724 877 775 autem
887 722 937 775 est
951 733 1047 790 quem
1057 717 1174 776 iudicas

205 799 392 875 puniendum
412 814 474 857 non
496 799 612 871 punire.
650 800 739 858 venia
760 800 879 859 debitae
894 815 1019 874 poenae
1031 799 1174 862 remissio

205 890 269 942 est:
295 881 454 940 clementia
468 882 527 940 hoc
542 883 670 956 primunr
685 891 821 958 praestat
833 892 866 943 ut
883 900 964 956 quos
979 883 1114 956 dimittit,
1130 884 1175 943 ni-

205 965 246 1025 hii
263 965 345 1024 aliud
358 965 427 1024 iilos
444 966 505 1038 pati
521 966 665 1026 debuisse
679 969 863 1041 pronuntiet.
895 968 1019 1041 plenior
1032 976 1082 1028 est
1099 983 1187 1042 ergo·

176 1061 296 1124 nquam
311 1048 400 1107 venia
416 1055 447 1107 et
460 1048 626 1110 honestior.
665 1051 709 1109 De
723 1050 835 1123 verbo,
855 1057 888 1110 ut
901 1067 970 1110 mea
984 1053 1047 1112 sert
1060 1051 1172 1127 opinio,

205 1132 413 1192 controversia
428 1139 489 1203 est,
513 1134 551 1191 de
566 1149 600 1193 re
615 1135 737 1209 quidem
753 1135 903 1194 convenit.
934 1134 1071 1210 Sapiens
1082 1137 1172 1196 mrdta

198 1217 347 1288 remittet,
368 1218 478 1275 multos
500 1233 607 1291 parurn
628 1218 709 1290 suni,
733 1219 789 1278 sed
809 1218 954 1278 sanabilis
975 1219 1095 1293 ingenii
1112 1234 1171 1278 ser-

203 1301 295 1360 vabit.
322 1299 472 1373 agricolas
486 1300 586 1361 bonos
600 1300 776 1376 imitabitur,
799 1302 924 1376 quinon
940 1310 1064 1362 tautum
1076 1310 1166 1363 reatu

206 1398 413 1460 procerasque
433 1384 560 1444 arbores
581 1386 699 1444 uolunta
726 1385 785 1445 iilis
812 1401 949 1460 quoque,
975 1403 1059 1462 quas
1075 1387 1167 1462 aliqu
1207 1400 1209 1417 ¹

205 1466 383 1543 depravavit
395 1482 497 1539 causa,
513 1468 695 1528 adminicula
708 1469 818 1542 quibus
831 1470 998 1544 dirigantur
1010 1470 1168 1548 adpiioant,

204 1552 279 1611 alias
295 1551 525 1618 circumcidunt,
541 1568 580 1610 ne
592 1551 802 1626 proceritatem
819 1554 892 1612 rami
907 1562 1068 1628 premant,
1084 1568 1169 1630 quas·

205 1635 274 1696 dam
289 1635 424 1694 infirmas
438 1635 510 1694 vitio
526 1636 585 1694 looi
600 1636 745 1709 nutriunt,
762 1637 943 1711 quibusdam
955 1637 1060 1698 aliena
1070 1636 1168 1699 umbra

175 1719 410 1779 biaborantibus
432 1720 549 1778 coelum
570 1719 717 1794 aperiunt.
754 1720 932 1792 [Secundum
951 1724 1042 1795 baec]
1063 1720 1170 1782 videbit

205 1803 367 1878 perfectus
380 1805 527 1876 sustensi,
551 1804 633 1877 quod
654 1803 807 1878 ingenium
827 1821 887 1878 qua
904 1805 1027 1865 ratione
1046 1812 1169 1866 uacuo

204 1885 275 1945 dum
291 1885 344 1956 sit,
369 1902 430 1959 quo
446 1887 536 1946 modo
551 1887 580 1946 in
595 1892 710 1947 rectum
725 1903 821 1962 prava
835 1887 1005 1949 fleetuntur.
1019 1889 1038 1926 *
1049 1890 1093 1927 **
