2438 3968
128 239 183 298 AD
192 238 370 298 HELVIAM
376 238 542 299 MATREM
548 240 598 300 DE
606 238 901 302 CONSOLATIONE.
913 249 998 305 7—9.
1012 238 1074 305 245

109 391 215 464 crede,
239 389 276 449 ab
297 390 365 464 illo,
388 390 528 466 quisquis
544 393 689 452 formator
703 392 838 452 universi
852 393 922 468 luit,
944 393 1011 454 sive
1024 395 1075 457 ille

109 475 186 534 deus
207 481 254 534 est
275 481 383 549 potens
406 474 554 549 omnium,
580 475 646 536 sive
667 476 866 550 incorporalis
879 479 955 537 ratio
970 478 1073 553 ingen·

109 560 182 620 tium
197 573 322 633 operum
339 558 456 632 artilex,
473 558 540 618 sive
555 558 676 618 divinus
690 558 815 633 spiritus
831 559 1001 635 peremnia
1011 578 1073 622 ma·

107 642 190 702 xima
210 657 246 702 ac
265 642 388 702 minima
409 640 530 716 aequali
550 641 715 702 intentione
729 641 873 717 diffusus,
901 642 967 704 sive
981 646 1073 706 iatum

108 732 138 786 et
152 724 336 785 inmutabilis
351 741 513 786 causarum
529 726 607 785 inter
620 740 655 785 se
670 725 894 788 cohaerentium
906 728 1016 788 series:
1031 728 1071 801 id,

107 810 246 885 inquam,
265 817 363 870 actum
378 816 434 883 est,
451 817 484 869 ut
499 809 527 866 in
543 809 673 869 alienum
688 808 842 870 arbitrium
857 811 916 871 nisi
928 809 1074 872 vilissima

109 909 250 968 quaeque
271 909 332 954 non
354 893 506 952 caderent.
540 891 689 968 Quicquid
711 893 855 968 optimum
878 894 991 955 homini
1012 900 1101 968 est,4

109 978 140 1036 id
164 986 251 1037 extra
275 976 435 1035 humanam
461 976 625 1051 potentiam
645 976 733 1037 iacet.
766 993 824 1037 nec
844 978 908 1038 dari
923 993 980 1038 nec
996 977 1072 1054 eripi

107 1068 218 1136 potest.
250 1061 379 1120 mundus
393 1060 456 1132 lric,
478 1075 539 1134 quo
556 1059 629 1119 nihil
643 1075 743 1136 neque
758 1062 854 1121 maius
868 1077 969 1136 neque
984 1077 1072 1123 orua-

107 1145 166 1205 tius
187 1160 287 1204 rerum
307 1152 414 1204 natura
434 1144 552 1218 genuit,
571 1145 689 1204 animus
711 1147 931 1219 contemplator
944 1145 1073 1218 admira·

106 1236 215 1302 torque
235 1226 354 1300 mundi,
376 1244 448 1302 pars
464 1227 530 1289 eius
544 1227 858 1303 magnificentissima,
879 1227 1005 1304 propria
1019 1244 1072 1288 no·

107 1313 154 1374 bis
170 1320 199 1371 et
214 1317 361 1386 perpetua
375 1318 405 1370 et
420 1311 534 1372 tamdiu
548 1311 708 1373 nobiscum
721 1327 864 1374 mansura
878 1319 956 1384 sunt,
969 1327 1073 1387 quam-
1126 1365 1127 1369 ,

106 1396 159 1456 diu
174 1397 233 1470 ipsi
248 1394 447 1456 manebimus.
468 1397 595 1455 Alacres
611 1397 714 1469 itaque
725 1402 753 1454 et
765 1396 867 1470 erecti,
880 1406 1099 1471 quocumqueo

105 1495 156 1539 res
172 1477 437 1553 tuleritintrepido
452 1480 549 1554 gradu
565 1494 774 1555 properemus.
795 1478 970 1541 emetiamur
980 1495 1070 1555 quas·

106 1578 237 1637 cumque
259 1570 370 1623 terrast
394 1565 508 1623 nullum
529 1563 657 1623 inveniri
679 1563 803 1623 exilium
824 1563 900 1623 intra
928 1563 1072 1622 mundum

106 1652 235 1723 [pollest
249 1646 379 1706 alienum
393 1647 507 1706 homini
523 1652 603 1719 [est].
635 1647 847 1721 undecumque
863 1661 1016 1721 exaequo
1032 1646 1071 1705 ad

106 1732 226 1791 coelum
251 1728 374 1804 erigitur
399 1733 497 1803 acles,
525 1730 648 1804 paribus
668 1731 833 1790 intervallis
855 1732 955 1789 omnia
969 1728 1072 1790 divina

106 1816 145 1876 ab
169 1813 309 1875 omnibus
327 1814 467 1874 humanis
483 1815 604 1875 distant.
636 1814 766 1875 Proinde
780 1814 850 1873 dum
866 1812 946 1874 oculi
960 1813 1018 1872 mei
1033 1812 1099 1872 abc

105 1900 155 1960 illo
169 1900 362 1973 spectaculo,
385 1898 471 1958 cuius
490 1899 675 1958 insatiabiles
690 1904 776 1968 sunt,
797 1914 858 1958 nou
874 1897 1070 1971 abducantur,

106 1984 179 2043 dum
193 1983 264 2042 rnihi
280 1983 377 2042 solem
390 1984 554 2056 lunamque
568 1983 675 2042 intueri
690 1983 792 2055 liceat,
815 1982 887 2042 dum
902 1981 1009 2041 ceteris
1026 1980 1070 2039 in-

104 2065 232 2126 haerere
257 2065 425 2136 sideribus,
452 2067 524 2126 dum
547 2074 630 2126 ortus
651 2080 755 2125 eorum
777 2080 969 2138 occasusque
983 2071 1013 2124 et
1026 2064 1070 2123 in·

105 2151 231 2210 tervalla
244 2158 274 2211 et
288 2165 399 2211 causas
410 2149 593 2224 investigare
604 2150 740 2210 velocius
752 2150 873 2210 meandi
885 2148 933 2207 vel
944 2146 1070 2222 tardius,

105 2242 246 2310 spectare
266 2240 312 2294 tot
332 2241 527 2309 pernoctem
550 2235 653 2294 stellas
674 2232 819 2294 micantes
840 2240 870 2292 et
883 2232 959 2292 alias
975 2229 1071 2290 inmo·

106 2317 198 2389 biles,
227 2317 303 2378 alias
323 2334 384 2377 non
407 2317 435 2376 in
457 2333 599 2392 magnum
614 2318 745 2393 spatium
761 2323 908 2376 exeuntes
923 2315 979 2375 sed
994 2314 1071 2374 intra

104 2417 194 2461 suum
210 2416 245 2460 se
260 2402 497 2474 circumagentes
512 2400 682 2476 vestigium,
698 2400 846 2474 quasdam
861 2397 961 2458 subito
973 2412 1070 2457 erum·

105 2493 230 2559 pentes,
252 2486 399 2558 quasdam
415 2485 484 2559 igne
500 2486 568 2544 luso
584 2484 839 2558 praestringentes
854 2479 964 2552 aciem,
981 2480 1070 2556 quasi

105 2568 263 2639 decidant,
289 2568 338 2626 vel
362 2569 454 2641 longo
482 2575 578 2628 tractu
602 2584 669 2628 cum
694 2569 762 2627 luce
782 2567 875 2626 multa
896 2572 1069 2640 praetervo-

103 2655 217 2724 lantes,
239 2652 311 2711 dum
331 2667 399 2712 cum
415 2652 462 2711 lris
483 2652 538 2711 sim
554 2657 584 2711 et
597 2650 797 2724 coelestibus,
819 2665 880 2724 qua
895 2649 1008 2708 homini
1023 2648 1069 2708 las

105 2743 167 2809 est,
190 2734 366 2808 inmiscear‚
388 2736 459 2795 dum
475 2736 607 2795 animum
620 2735 660 2795 ad
676 2741 871 2808 cognatarum
885 2747 985 2792 rerum
998 2747 1069 2792 con-

104 2825 243 2894 spectum
258 2817 430 2879 tendentem
445 2818 473 2878 in
489 2818 609 2879 sublimi
626 2833 747 2894 semper
759 2817 903 2878 habeam:
925 2822 1071 2890 quantum

103 2904 196 2963 reiert
212 2918 290 2976 mea,
305 2900 378 2975 quid
393 2903 527 2961 calcem‘l

166 2987 216 3046 IX.
237 2987 299 3059 ,At
313 3001 374 3045 non
390 2992 437 3046 est
450 2985 527 3045 haec
543 2994 621 3047 terra
636 2984 847 3059 frugiferarum
861 2991 912 3043 aut
925 2984 1070 3043 laetarum
1085 2989 1099 3043 l

104 3071 247 3132 arborum
263 3071 357 3129 lerax.
391 3086 452 3130 non
467 3068 585 3144 magnis
600 3083 658 3128 nec
674 3067 895 3143 navigabilibus
913 3066 1069 3126 fluminum

103 3156 199 3215 alveis
215 3154 370 3229 inrigatur.
395 3152 467 3212 mhil
481 3152 673 3228 gignit,quod
688 3151 766 3211 aliae
779 3157 885 3226 gentes
900 3156 1010 3225 petant,
1020 3149 1070 3209 vix

103 3238 144 3298 ad
163 3240 286 3298 tutelam
306 3237 501 3298 incolentium
521 3235 637 3297 fertilis.
669 3251 730 3297 non
750 3235 903 3310 pretiosus
923 3232 972 3293 hic
991 3233 1069 3308 lapis

103 3321 256 3394 caeditur,
277 3336 337 3381 non
358 3321 424 3382 auri
445 3319 623 3395 argentique
644 3334 741 3378 venae
756 3322 934 3378 eruuntur.“
967 3319 1101 3392 Augu-a

103 3411 170 3466 stus
190 3405 309 3466 animus
331 3412 393 3477 est,
416 3420 506 3480 quem
527 3413 647 3465 terrena
667 3403 833 3463 delectant:
856 3401 896 3462 ad
910 3400 960 3460 illa
974 3401 1069 3462 abdu-

102 3489 219 3549 cendus
236 3495 297 3563 est,
322 3503 401 3564 quae
417 3489 529 3565 ubique
544 3502 642 3563 aeque
656 3487 818 3562 adparent,
844 3485 956 3562 ubique
971 3499 1070 3560 aeque
