2438 3968
193 242 235 305 84
475 240 507 298 L.
529 240 675 299 ANNAEI
697 239 871 300 SENECAE

193 393 301 470 paucis
321 391 447 467 gratuita
466 399 521 451 est.
555 392 719 452 iracundus
743 391 883 451 dominus
909 399 989 464 quot
1014 393 1050 452 iu
1079 394 1174 470 fugem

194 494 302 538 servos
328 474 409 550 egita
439 482 513 551 quot
536 475 566 534 in
594 481 741 535 mortem?
768 482 881 548 quanto
909 474 985 550 plus
1007 476 1174 539 irascendo

195 577 285 636 quam
302 561 331 620 id
348 567 419 632 erat,
437 559 656 634 propterquod
673 559 868 633 irascebatur,
884 557 1012 619 amisit?
1039 558 1090 622 ira
1103 560 1173 638 patri
1209 572 1211 577 '

195 646 314 718 luctum,
331 644 437 703 marito
453 642 614 703 divortium
629 642 742 715 adtulit
759 641 946 718 magistratui
965 643 1090 717 odium,
1109 660 1171 704 can·

166 728 298 791 suidam
313 729 476 803 repulsam.
511 727 600 786 Peior
619 734 667 786 est
684 741 774 801 quam
792 725 925 796 luxuria,
950 728 1110 801 quonism
1127 729 1171 789 illa

194 829 251 872 sua
263 814 418 886 voluptate
429 811 548 880 fruitur,
563 810 638 869 haec
653 810 751 869 alieno
767 809 883 871 dolore.
908 807 1020 872 Vincit
1035 811 1169 887 maligni·

194 903 283 956 tatem
298 902 327 955 et
340 894 499 954 invidiam=
521 894 589 954 illae
605 893 684 952 enim
698 892 847 953 infelicem
859 892 925 953 fieri
941 896 1076 970 volunt,
1099 895 1169 957 baec

193 980 304 1039 facere.
340 979 409 1037 illae
424 978 553 1037 fortuitis
567 977 654 1037 malis
670 977 872 1051 delectantur,
892 977 971 1037 haec
986 993 1058 1039 non
1074 985 1169 1055 potest

195 1069 374 1136 exspectare
395 1062 554 1121 fortunam.
590 1076 702 1121 nocere
717 1061 745 1120 ei
768 1075 858 1135 quem
877 1060 957 1134 odit,
980 1077 1052 1123 nou
1071 1060 1167 1123 noceri

165 1146 266 1217 fivult.
308 1145 384 1204 Nihil
405 1153 452 1204 est
476 1144 675 1204 simultatibus
697 1144 835 1219 gravius:
864 1143 920 1204 has
945 1144 994 1204 ire
1019 1146 1167 1207 conciliet

195 1228 266 1287 nibil
279 1236 326 1289 est
337 1229 417 1289 bello
434 1229 597 1290 funestius:
618 1227 647 1287 in
662 1227 722 1288 hoc
738 1226 904 1302 potentium
923 1227 971 1287 ira
984 1229 1165 1306 prorumpit.

195 1320 327 1372 ceterum
347 1313 436 1372 etiam
457 1313 508 1372 illa
528 1311 648 1388 plebeia
667 1311 711 1370 ira
732 1318 762 1371 et
779 1311 898 1385 privata
916 1311 1039 1373 inerme
1061 1321 1094 1374 et
1108 1313 1167 1374 sine

193 1395 309 1459 viribus
328 1398 440 1458 bellum
458 1403 513 1455 est.
543 1397 702 1455 Praeterea
720 1395 780 1468 ira,
807 1401 840 1454 ut
859 1409 1072 1471 seponamus,
1095 1410 1166 1474 quoe

194 1497 265 1541 mox
280 1488 422 1542 secutura
436 1489 514 1552 sunt,
532 1481 650 1552 damna,
666 1479 802 1550 insidias,
821 1485 1000 1554 perpetuam
1017 1495 1062 1540 ex
1078 1488 1164 1542 certe·

194 1566 324 1626 minibus
345 1567 456 1625 mutuis
477 1563 725 1636 sollicitudinem,
752 1563 803 1622 dat
824 1577 940 1637 poenas
963 1561 1043 1623 dum
1064 1563 1164 1640 exigite

195 1656 330 1710 naturam
343 1649 473 1709 hominis
488 1649 594 1709 eiurat.
619 1647 670 1706 illa
683 1646 713 1704 in
728 1662 860 1706 amorem
874 1645 1031 1721 bortatur,
1048 1646 1164 1709 haeciu

164 1731 305 1797 lodium.
340 1733 390 1791 illa
412 1732 562 1806 prodesse
581 1730 677 1801 iubet,
701 1730 778 1789 haec
799 1744 920 1790 nocere.
952 1729 1061 1791 Adice
1078 1731 1163 1808 quod,

196 1829 263 1872 cnm
282 1815 447 1889 indignatio
462 1816 528 1875 eius
546 1814 666 1874 animia
686 1817 734 1874 sat
753 1821 900 1888 suspectu
921 1813 1049 1874 eveniat
1064 1824 1095 1875 et
1108 1815 1163 1877 ani·

195 1913 281 1956 mosa
295 1898 441 1971 videatur,
457 1898 569 1972 pusilla
583 1905 671 1957 estet
685 1904 822 1970 angusta.
843 1912 931 1956 nemo
946 1897 1030 1955 enim
1044 1915 1109 1960 non
1124 1914 1163 1969 eo,

196 1991 289 2054 aquo
304 1996 338 2040 se
354 1988 558 2056 contemptum
577 1980 704 2053 iudicat,
727 1980 824 2041 minor
845 1987 906 2040 est:
932 1986 964 2039 at
984 1979 1040 2040 ille
1063 1983 1163 2058 ingens

197 2064 313 2123 animus
325 2071 355 2124 et
367 2080 458 2124 verus
469 2065 642 2124 aestimator
653 2067 701 2124 sui
713 2081 773 2124 non
786 2063 920 2124 vindicat
929 2062 1086 2141 iniuriam,
1102 2064 1163 2143 quit

165 2155 255 2210 8non
272 2149 369 2209 sentit.
404 2148 444 2208 Ut
463 2149 523 2209 tela
543 2147 650 2206 aduro
672 2148 808 2208 resiliunt
828 2152 857 2206 et
877 2163 945 2207 cum
967 2147 1084 2211 dolore
1103 2164 1163 2211 cae

197 2230 295 2292 dentis
311 2231 410 2292 solida
425 2232 586 2305 feriuntur,
602 2231 642 2292 ita
656 2233 738 2292 nulla
752 2246 893 2306 magnum
909 2228 1046 2292 animum
1063 2233 1165 2295 iniuria

195 2316 374 2377 adsensum
396 2315 443 2377 sui
458 2315 594 2390 adducit,
616 2315 751 2391 fragilior
768 2331 804 2375 eo
828 2315 911 2389 quod
931 2313 1015 2388 petit.
1055 2322 1164 2392 quanto

194 2400 350 2476 pulchrius
375 2400 457 2460 velut
486 2400 558 2460 nulli
583 2398 799 2475 penetrabilem
827 2399 886 2458 telo
913 2397 1011 2458 omnis
1041 2398 1164 2462 iniurias

195 2485 454 2560 contumeliasque
475 2491 636 2558 respueret
671 2481 751 2544 Ultio
780 2480 895 2542 doloris
921 2482 1085 2545 confessio
1109 2490 1164 2545 este

194 2583 254 2628 non
271 2577 317 2629 est
331 2584 459 2643 magnus
475 2568 609 2640 animuS,
632 2582 719 2642 quem
735 2565 872 2626 incurvat
885 2563 1001 2625 iniuria.
1034 2568 1104 2630 Aut
1118 2582 1165 2643 pe

194 2652 304 2711 tentior
317 2659 347 2711 te
368 2659 419 2712 aut
440 2650 608 2711 inbecillior
627 2649 731 2710 laesit:
758 2649 784 2710 si
804 2648 985 2722 inbecillior,
1005 2664 1108 2723 parce
1121 2650 1165 2724 ilii,

195 2734 221 2793 si
235 2735 400 2809 potentior,
414 2734 477 2797 tibi.

167 2826 182 2880 l
251 2817 303 2877 vl.
315 2818 432 2880 Nullum
445 2826 492 2879 est
503 2825 710 2892 argumentum
722 2815 936 2892 magnitudinis
948 2815 1066 2884 certius
1079 2832 1165 2895 quau

195 2901 269 2961 nibil
284 2917 379 2976 posse
396 2919 457 2976 quo
472 2901 623 2975 instigeris
639 2901 787 2961 accidere.
814 2900 888 2960 Pars
904 2898 1050 2974 superior
1066 2900 1166 2965 mundi

196 2992 225 3047 et
239 2985 404 3046 ordinatior
418 3002 453 3045 ac
470 2985 643 3061 propinqua
658 2985 809 3046 sideribus
824 2999 881 3044 nec
901 2982 933 3043 in
953 2983 1073 3047 nubem
1089 2985 1165 3063 cogi·

195 3075 244 3129 tur
265 3084 321 3129 nec
341 3067 372 3128 in
392 3077 600 3144 tempestatem
620 3068 772 3144 inpellitur
793 3082 849 3127 nec
868 3072 1008 3128 versatur
1027 3067 1062 3128 in
1078 3067 1167 3133 turbi-

196 3167 273 3212 nem.
304 3153 385 3214 omni
398 3155 525 3214 tumultu
540 3159 630 3214 caret.
658 3151 802 3212 inferiora
823 3148 1031 3211 fulminantur:
1060 3154 1168 3215 eodem

196 3237 287 3296 modo
312 3236 450 3297 sublimis
474 3237 608 3309 animus,
635 3236 754 3311 quietus
780 3250 902 3309 semper
926 3240 956 3293 et
979 3233 1009 3292 in
1035 3237 1168 3300 statione

196 3319 356 3394 tranquilla
371 3322 546 3396 collocatus,
562 3320 661 3382 omnia
676 3319 753 3378 intra
768 3336 802 3379 se
818 3333 974 3393 premens,
993 3318 1113 3392 quibus
1127 3322 1168 3383 irt

197 3401 395 3477 contrahitur,
419 3405 578 3466 modestus
604 3411 634 3463 et
657 3402 839 3463 venerabilis
865 3407 962 3463 estet
983 3401 1167 3478 dispositus,

167 3493 327 3563 tquorum
341 3487 412 3548 nihii
428 3488 564 3549 invenies
579 3486 608 3547 in
624 3486 709 3548 irato.
744 3486 816 3560 Quis
831 3484 910 3546 enim
923 3485 1056 3548 traditus
1072 3484 1167 3553 dolorl
