2438 3968
265 293 314 355 ul]
330 293 549 354 BRuvlTnTn
563 293 690 353 vitula.
711 301 753 355 13.
770 303 810 355 ll.
962 293 1023 357 all

59 447 207 523 praebuit,
222 452 284 507 tum
300 447 419 506 demum
434 444 585 507 intellecta
600 447 681 506 inani
696 448 857 508 iactatione
869 449 1023 524 cognomi-

59 529 106 591 nis
121 530 181 591 sui.
215 528 276 590 Sed
290 536 324 591 ut
337 530 388 590 illo
403 537 553 600 revertar,
575 532 657 590 unde
672 531 809 605 decessi,
827 539 858 592 et
872 533 902 591 in
917 533 1052 602 cedema

59 613 185 675 materia
200 614 357 675 ostendam
373 629 594 689 supervacuam
609 615 809 688 quorumdam
823 615 1023 690 diligentiam

58 700 138 759 idem
154 698 295 758 narrabat
308 697 459 758 Metellum
471 697 558 756 victis
569 698 599 757 in
608 697 827 759 SiciliaPoeuis
840 699 1024 773 triumphan-

60 791 119 843 tem
140 798 233 843 unum
254 781 386 842 omnium
400 782 605 841 Romanorum
626 789 696 842 ante
718 799 839 843 currum
861 791 981 843 centum
996 789 1026 842 et

59 865 164 941 viginti
179 865 317 941 captivos
332 864 511 940 elephantos
526 866 662 926 duxisse.
687 866 801 928 Sullam
815 868 949 928 ultimum
964 868 1025 926 Ro·

58 965 217 1010 manorum
232 947 397 1024 protulisse
413 949 609 1023 pomoerium,
627 951 711 1024 quod
726 967 889 1026 numquam
903 951 1026 1026 provin·

59 1034 141 1108 ciali,
163 1035 219 1093 sed
233 1033 337 1094 ItalIco
357 1048 431 1107 agro
447 1033 600 1108 adquisito
616 1036 753 1108 prolerre
768 1035 861 1095 moris
877 1035 958 1110 apud
974 1051 1027 1094 an-

58 1119 161 1192 uquos
182 1117 245 1177 luit.
277 1117 343 1177 Hoc
364 1116 443 1176 scire
456 1116 554 1192 magis
569 1117 711 1192 prodest,
739 1135 829 1194 quam
843 1119 1027 1179 Aventinum

58 1207 190 1262 montem
212 1207 297 1260 extra
312 1200 501 1275 pomoerium
523 1216 609 1275 csse,
630 1209 664 1261 ut
677 1202 727 1262 ille
741 1202 934 1276 adfirmabat,
956 1219 1026 1278 pro·

61 1293 127 1361 pter
140 1285 264 1347 alteram
280 1299 319 1343 ex
333 1283 452 1345 duabus
468 1285 580 1357 causis,
599 1295 651 1346 aul
666 1286 749 1360 quod
765 1286 853 1360 plebs
869 1301 907 1345 eo
923 1301 1026 1345 seces·

60 1370 168 1441 sisset,
185 1374 237 1428 aut
251 1368 334 1444 quod
349 1369 445 1428 Remo
461 1369 640 1443 auspicante
655 1370 706 1430 illo
721 1370 791 1430 loco
807 1385 880 1429 aves
896 1386 957 1429 non
973 1370 1026 1428 ad.

59 1453 219 1514 dixissent.
250 1451 321 1512 Alia
341 1451 488 1527 deinceps
510 1452 753 1528 innumerabilia,
775 1469 854 1528 quae
875 1461 926 1513 aut
936 1455 1055 1528 pariae

59 1543 130 1598 sunt
149 1536 317 1596 mendaciis
339 1544 391 1596 aut
410 1536 526 1596 similia.
558 1553 627 1596 uam
642 1545 675 1597 ut
689 1539 841 1597 concedas
857 1537 957 1596 omnia
971 1551 1026 1597 eos

58 1623 121 1683 lide
145 1621 228 1681 bona
252 1619 367 1692 dicere,
392 1627 426 1680 ιιι
445 1620 484 1679 ad
505 1621 740 1694 praestationem
755 1621 903 1682 scribant:
926 1628 1028 1681 tamen

60 1705 147 1766 cuius
168 1705 228 1766 ista
246 1719 367 1764 errores
387 1704 541 1763 minuenti
563 1705 648 1764 cuius
670 1704 852 1779 cupiditates
870 1711 1029 1779 prementi

60 1804 151 1864 quem
175 1789 343 1861 fortiorem,
360 1804 450 1863 quem
465 1789 637 1861 iustiorem,
660 1804 750 1862 quem
763 1787 966 1849 liberaliorem
984 1789 997 1847 l
1014 1819 1027 1830 ·

60 1874 160 1933 cientl
190 1872 333 1933 Dubitare
354 1887 389 1932 se
409 1871 527 1932 interim
546 1872 699 1933 Fabianus
720 1881 824 1933 noster
846 1873 960 1947 aiebat,
988 1888 1027 1932 an

60 1956 156 2016 satius
172 1963 256 2016 esset
273 1954 363 2016 nullis
379 1956 489 2017 studiis
504 1956 661 2016 admoveri
677 1972 768 2030 quarn
782 1955 830 2015 his
845 1955 994 2032 inplicari.

120 2040 199 2098 XlV.
222 2039 481 2100 Soliomnium
497 2040 613 2101 otiosi
629 2038 1055 2115 suntquisapientiaet

59 2124 467 2185 vacaut=solivivunt
500 2124 754 2186 necenimsuam
769 2130 1027 2184 tantumaetatem

58 2209 138 2268 bene
145 2213 278 2268 tuentum
291 2223 558 2268 omneaeviunsuo
567 2207 711 2268 adiciunt.
725 2207 1028 2282 quicquidannorum

59 2299 129 2351 ante
141 2291 208 2350 illos
220 2298 319 2352 actum
337 2299 393 2365 est,
408 2291 467 2351 illis
482 2292 667 2366 adquisitum
679 2299 735 2351 est.
756 2290 821 2351 Nisi
833 2288 1028 2365 ingratissimi

59 2390 176 2446 sumus,
189 2374 562 2436 illiciarissimisacrarum
571 2375 746 2450 opinionum
756 2375 930 2436 conditores
938 2371 1027 2434 nobis

59 2458 682 2534 natisuut,nobisvitcmpraeparavemut.
704 2459 800 2520 adres
809 2457 1027 2534 pulcherrimas

59 2558 100 2602 ex
123 2541 256 2600 tenebris
280 2542 319 2601 ad
343 2543 441 2602 lucem
462 2548 563 2603 erutas
588 2541 687 2602 alieno
712 2541 816 2603 labore
839 2540 1027 2601 deducimur.

59 2625 143 2686 nullo
166 2622 254 2685 nobis
274 2627 379 2686 seculo
396 2626 585 2687 interdictum
600 2633 661 2698 est,
686 2623 717 2684 iu
733 2627 833 2685 omnia
847 2625 1028 2686 admittimur

60 2718 104 2783 et,
130 2709 157 2768 si
182 2708 388 2782 magnitudine
410 2710 501 2770 animi
522 2709 626 2784 egredi
651 2709 802 2769 humanae
826 2708 1027 2768 inbecillitatis

61 2793 216 2868 augustias
231 2792 320 2865 libet,
347 2796 485 2866 multum,
512 2809 567 2868 per
583 2793 666 2868 quod
686 2792 864 2868 spatiemur,
883 2792 1027 2867 temporis

60 2886 116 2938 est
138 2875 300 2951 Disputare
316 2893 384 2937 cum
397 2876 522 2938 Socrate
536 2877 614 2948 licet,
631 2877 769 2938 dubitare
784 2893 852 2937 cum
864 2876 1058 2946 Carneadea

61 2978 130 3022 cum
151 2959 283 3036 Epicuro
310 2960 482 3035 quiescere,
507 2960 637 3021 hominis
664 2970 801 3022 naturam
826 2977 894 3021 cum
917 2959 1028 3020 Stoicis

61 3046 198 3119 vincere,
222 3060 290 3105 cum
305 3044 427 3123 Cynicis
449 3045 613 3117 excedere,
642 3063 734 3120 quum
754 3062 855 3105 rerum
877 3051 985 3103 natura
998 3042 1028 3101 in

62 3128 249 3190 consortium
268 3127 366 3189 omnis
381 3127 449 3188 aevi
465 3127 594 3203 patiatur
606 3127 758 3189 incedere.
793 3128 902 3202 Quidni
917 3127 955 3186 ab
969 3125 1028 3186 hoc

61 3214 172 3288 exiguo
189 3220 219 3273 et
233 3213 349 3273 caduco
364 3212 509 3288 temporis
525 3212 652 3273 transitu
666 3213 696 3271 in
711 3213 763 3273 illo
775 3219 838 3273 ιοιο
851 3228 909 3272 nos
921 3212 1028 3271 demus

60 3295 177 3369 auimo,
193 3312 273 3372 quae
286 3297 438 3370 inmensa,
456 3310 534 3371 quae
549 3301 672 3357 aeterno
687 3304 771 3369 sunt,
792 3311 870 3371 quae
885 3312 953 3356 cum
966 3309 1029 3354 me-

60 3380 187 3440 lioribus
204 3379 395 3441 communiat
423 3381 490 3454 isti,
513 3380 564 3455 qui
580 3394 635 3455 per
651 3380 753 3441 cilicia
767 3380 954 3452 discursant,
979 3378 1058 3452 quia

61 3480 96 3524 se
117 3465 255 3540 aliosque
276 3464 458 3542 inquietant,
484 3480 552 3524 curn
572 3463 651 3524 bene
665 3463 857 3540 insanierint,
883 3479 951 3524 cum
964 3478 1029 3522 om-

61 3548 142 3610 nium
158 3547 259 3609 limina
274 3545 385 3611 cotidie
397 3549 675 3626 perambulaverint
688 3564 745 3610 nec
759 3551 836 3610 ullas
849 3553 970 3623 apertas
982 3546 1030 3604 lo·

816 3631 872 3693 la*
