2438 3968
116 240 401 303 CONTUMELIAM
415 241 603 304 Acclpunu
615 241 842 306 SAPIENTEM.
852 245 1029 309 XII-XIV.
1041 247 1086 311 29

103 399 226 457 talusve
252 394 346 455 Asiae
380 397 560 456 salutantem
591 396 710 458 silentio
742 413 778 457 ae
809 402 892 460 voltu
923 399 1085 476 adroganti

104 480 268 541 transierit.
303 479 362 540 scit
381 487 491 540 statum
511 480 578 540 eius
598 497 660 541 non
680 480 778 556 magis
793 480 906 542 habere
921 484 1084 560 quicquam

104 565 303 624 invidendum
324 580 415 639 qnam
431 564 513 637 eius,
534 563 583 624 cui
596 563 626 624 in
643 580 752 640 magna
766 567 878 626 lamilia
893 583 965 627 cura
980 567 1087 643 obtigit

105 663 219 724 aegros
233 648 423 722 insanosque
444 663 643 722 conpescere.
677 649 754 709 llum
776 650 905 709 moleste
925 651 1035 726 leram,
1059 651 1114 724 sio

105 732 179 793 mihi
193 748 253 793 non
269 731 436 792 reddiderit
450 746 559 790 nomen
575 732 686 806 aliquis
701 747 740 792 ex
754 731 812 804 his,
829 733 881 809 qui
897 734 936 793 ad
951 734 1086 796 castoris

106 815 301 891 negotiantur
312 831 444 890 nequam
456 813 609 891 mancipia
621 824 755 877 ementes
763 817 1002 893 vendentesque,
1011 836 1086 893 quo-

105 916 174 961 rum
188 900 334 961 tabernae
348 900 552 975 pessimorum
568 915 727 960 servorum
748 901 837 960 turba
851 903 981 962 refertae
995 909 1088 964 suntt

106 1000 185 1058 non,
209 990 243 1044 ut
257 990 342 1059 puto.
377 983 451 1059 quid
472 982 551 1043 enim
567 984 593 1043 is
615 984 687 1043 boni
708 985 816 1059 habet,
843 985 901 1045 sub
918 1001 980 1061 quo
996 1002 1085 1048 nemo

107 1066 167 1129 nisi
181 1070 278 1128 malus
295 1074 364 1127 eslt
399 1068 481 1142 Ergo
495 1074 528 1128 ut
548 1068 638 1128 huius
657 1068 871 1129 humanitatem
886 1069 1081 1130 inhumanita-

107 1163 231 1229 temque
246 1151 387 1227 neglegit
402 1152 443 1212 ita
457 1160 487 1212 et
501 1152 598 1228 regis:
614 1151 709 1212 habes
724 1153 782 1213 sub
797 1160 828 1213 te
841 1151 969 1215 Parthos
984 1163 1014 1216 et
1023 1154 1087 1215 hle·

108 1239 167 1298 dos
181 1245 212 1297 et
224 1236 418 1307 Bactrianae,
440 1236 497 1295 sed
518 1252 598 1311 quos
618 1244 700 1296 metu
715 1237 868 1312 contines,
891 1239 947 1298 sed
963 1245 1088 1314 propter

108 1337 189 1397 quos
206 1321 358 1380 remittere
379 1335 483 1380 arcum
504 1320 556 1380 tibi
580 1336 640 1380 non
663 1319 801 1396 contigit,
826 1323 883 1379 sed
903 1331 1086 1396 postremos,

108 1405 165 1466 sed
181 1406 322 1476 venales,
340 1403 397 1462 sed
417 1420 528 1464 novum
552 1412 740 1479 aucupantes
762 1403 938 1464 dominium.
970 1406 1116 1479 Nullius5

107 1505 182 1562 ergo
203 1486 375 1547 movebitur
391 1489 580 1547 contumelia.
617 1503 724 1547 omnes
749 1488 829 1546 enim
849 1487 927 1547 inter
946 1504 981 1547 se
1001 1487 1088 1548 diffe-

107 1579 194 1644 runt,
221 1571 346 1646 sapiens
368 1570 489 1645 quidem
510 1585 601 1645 pares
621 1569 692 1630 illos
706 1571 746 1630 ob
760 1572 919 1646 aequalem
934 1572 1088 1632 stultitiam

110 1655 211 1717 omnis
227 1662 321 1730 putat.
349 1671 418 1714 nam
435 1652 462 1713 si
476 1656 568 1714 semel
585 1670 620 1714 se
635 1653 792 1714 demiserit
806 1670 853 1728 eo,
868 1662 902 1714 ut
916 1664 966 1716 aut
979 1655 1089 1716 iniuria

109 1747 270 1800 moveatur
284 1745 337 1798 aut
350 1738 547 1813 contumelia,
566 1754 626 1798 non
649 1737 781 1812 potuerit
792 1755 937 1814 umquam
952 1756 1023 1800 esse
1039 1755 1088 1800 se-

109 1839 214 1884 curus.
249 1821 399 1883 securitas
421 1828 520 1882 autem
541 1823 696 1897 proprium
721 1822 833 1882 bonum
859 1824 1006 1899 sapientis
1032 1831 1088 1896 est,

110 1923 168 1968 nec
183 1907 356 1979 committet,
381 1913 415 1965 ut
428 1906 592 1966 iudicando
607 1907 820 1968 contumeliam
836 1907 894 1967 sibi
910 1910 1019 1967 tactam
1034 1906 1089 1967 ho-

112 2006 216 2053 norem
231 1991 342 2051 habeat
356 1991 383 2049 ei
399 1988 452 2065 qui
466 1990 545 2050 lecit
582 2006 711 2051 necesse
731 2000 778 2050 est
798 1991 877 2050 enim
893 2008 912 2051 a
927 2007 988 2068 quo
1005 1991 1088 2067 quis·

110 2091 172 2152 que
188 2073 340 2136 contemni
355 2077 483 2136 moleste
496 2076 582 2147 terat,
597 2074 714 2150 suspici
728 2075 870 2150 gaudeat.

169 2159 249 2219 xlv.
280 2161 376 2219 Tanta
391 2159 542 2234 quosdam
557 2159 709 2219 dementia
722 2166 820 2233 tenet,
845 2165 878 2218 ut
902 2158 961 2219 sibi
983 2166 1114 2228 contu-1

110 2244 230 2305 meliam
255 2243 320 2304 lieri
344 2251 452 2319 putent
467 2244 745 2319 posseamuliere.
782 2241 856 2317 quid
882 2245 975 2303 relert
999 2260 1088 2317 quam

110 2328 252 2399 habeant,
267 2334 344 2403 quot
356 2327 526 2387 lecticarios
542 2327 712 2397 habentem,
728 2343 819 2401 quam
833 2333 974 2386 oneratas
989 2343 1088 2397 aures

112 2427 205 2487 quam
220 2413 320 2471 laxam
336 2413 464 2471 sellamt
489 2426 588 2486 aeque
602 2411 771 2486 inprudens
785 2410 896 2470 animal
911 2417 959 2470 est
972 2418 1015 2483 et,
1031 2410 1091 2470 nisi

112 2495 240 2556 scientia
253 2497 385 2556 accessit
398 2511 434 2555 ae
449 2496 543 2555 multa
557 2495 696 2569 eruditio,
712 2496 817 2568 lerum,
834 2494 1032 2567 cupiditatum
1046 2495 1090 2554 in·

110 2579 282 2640 continens.
309 2579 438 2654 Quidam
452 2594 487 2639 se
500 2596 518 2639 a
533 2577 681 2639 cinerario
697 2579 836 2652 inpulsos
851 2578 980 2638 moleste
993 2580 1093 2639 lerunt

111 2671 144 2724 et
158 2666 371 2725 contumeliam
385 2671 498 2724 vocant
511 2663 626 2724 ostiarii
641 2663 865 2733 difficultatem,
886 2664 1091 2724 nomenclato-

111 2748 156 2807 ris
172 2749 362 2823 superbiam,
378 2746 554 2807 cubicularii
574 2747 780 2821 supercilium.
823 2762 841 2805 o
863 2754 993 2821 quantus
1013 2747 1092 2808 inter

112 2833 172 2891 ista
186 2832 269 2892 risus
284 2833 512 2904 tollendusest,
535 2842 647 2906 quanta
667 2833 824 2906 voluptate
845 2831 1007 2906 inplendus
1028 2831 1091 2892 ani-

111 2933 183 2977 mus
198 2931 238 2976 ex
252 2917 420 2977 alienorum
435 2931 570 2976 errorum
585 2917 715 2976 tumultu
730 2915 945 2990 contemplanti
960 2916 1092 2990 quietem

112 3007 216 3060 suam!
261 2999 339 3073 Quid
360 3006 455 3075 ergo?
482 2999 607 3075 sapiens
627 3015 689 3059 nnn
704 2999 832 3059 accedet
846 2998 885 3057 ad
901 3001 999 3073 iores,
1014 3005 1120 3074 quast

110 3085 212 3145 durus
225 3084 335 3146 ianitor
349 3083 489 3144 obsidetl
521 3085 570 3143 ille
585 3100 676 3156 vero,
696 3081 723 3142 si
743 3098 794 3142 res
809 3083 986 3143 necessaria
999 3098 1092 3142 voea-

111 3168 166 3243 bit,
193 3169 368 3244 experietur
395 3175 426 3228 et
452 3167 534 3228 illum
562 3168 703 3244 quisquis
727 3167 783 3227 erit
805 3174 958 3241 umquam
986 3181 1092 3228 canem

113 3268 218 3313 acrem
233 3252 353 3313 obiecto
369 3253 437 3313 cibo
454 3253 544 3313 leniet
557 3268 614 3313 nec
628 3250 834 3327 indignabitur
847 3249 962 3327 aliquid
985 3251 1092 3328 inpen-

109 3337 204 3412 dere,
232 3343 267 3397 ut
286 3336 376 3397 limen
392 3343 541 3411 transeat,
563 3337 700 3412 cogitans
716 3341 747 3395 et
760 3334 789 3394 in
806 3337 950 3412 pontibus
966 3333 1093 3413 quibus·

113 3421 184 3481 dam
203 3437 259 3496 pro
277 3421 407 3481 transitu
421 3420 497 3480 dari.
532 3422 636 3495 itaque
657 3422 698 3480 illi
716 3435 854 3494 quoque,
871 3419 1012 3496 quisquis
1027 3419 1091 3491 erit,

110 3506 168 3580 qui
189 3504 248 3567 hoc
268 3505 482 3566 salutationum
506 3506 659 3580 publicum
686 3511 842 3578 exerceat,
865 3505 1000 3565 donabit.
1035 3503 1094 3562 scit
