2438 3968
133 231 197 293 290
423 230 456 287 L.
478 229 624 288 ANNAEl
647 228 820 289 SENECAE

135 382 209 441 lices
230 387 260 441 et
279 381 438 455 Augustos
461 378 593 437 diximus
615 385 645 438 et
662 378 839 440 ambitiosae
854 382 1011 444 maiestati
1029 387 1115 469 quic·

135 465 209 542 quid
221 462 374 540 potuimus
385 463 537 523 titulorum
549 463 760 537 congessimus
773 463 908 536 [illisboc
916 466 1110 546 tribuentesl,

133 547 251 608 Patrem
267 547 389 623 quidem
403 545 522 605 Patriae
535 545 771 621 adpellavimus,
787 554 820 607 ut
830 546 923 608 sciret
934 550 1041 610 datam
1053 551 1109 611 sibi

133 639 314 708 potestatem
327 630 468 704 patriam,
485 646 563 704 quae
575 638 622 689 est
632 628 899 704 temperatissima,
915 632 1026 694 liberis
1038 651 1109 695 con·

106 717 240 784 asulens
254 730 372 789 suaque
387 720 459 788 post
469 713 537 772 illos
549 728 712 787 reponens.
733 714 831 773 Tarde
843 714 901 774 sibi
914 725 1005 789 pater
1016 735 1107 778 mem·

133 801 188 861 bra
204 816 261 860 sua
275 797 422 858 abscidat.
443 798 532 856 etiam
547 813 616 856 cum
631 797 810 871 absciderit,
832 815 987 872 reponere
1005 804 1108 877 cupiat

133 890 164 943 et
179 884 207 941 in
223 881 411 942 abscidendo
426 888 527 954 gemat
541 888 698 941 cunctatus
714 883 838 941 multum
853 883 977 958 diuque.
1010 903 1107 962 prope

134 966 215 1027 enim
235 972 296 1038 est,
323 972 356 1024 ut
380 964 508 1024 libenter
528 964 665 1037 damnet,
694 965 744 1040 qui
765 965 833 1024 cito.
866 982 966 1041 prope
988 976 1053 1044 est,
1076 979 1108 1031 ut

134 1049 238 1124 inique
253 1048 372 1124 puniat,
396 1048 447 1122 qui
463 1047 560 1108 nimis.

107 1145 121 1197 1
194 1134 260 1192 XV.
287 1132 465 1192 Trichonem
484 1133 616 1206 equitem
636 1132 806 1192 Romanum
828 1134 974 1194 memoria
990 1143 1106 1210 nostra,

134 1216 205 1294 quia
221 1215 315 1277 filium
328 1220 417 1276 suum
433 1213 562 1290 flagellis
580 1215 747 1286 occiderat,
764 1216 896 1290 populus
911 1216 942 1276 in
954 1217 1026 1277 loro
1039 1235 1106 1294 gra-

133 1301 214 1376 phiis
236 1300 381 1361 conlodit.
410 1298 462 1356 vix
481 1301 562 1359 illum
577 1298 708 1372 Augusti
723 1299 862 1359 Caesaris
876 1301 1047 1362 auctoritas
1063 1307 1106 1362 in-

104 1394 122 1447 a
135 1386 220 1445 lestis
231 1392 291 1446 tam
303 1391 420 1459 patrum
433 1399 522 1458 quam
536 1383 666 1442 liliorum
677 1383 816 1442 manibus
828 1384 946 1458 eripuit
974 1385 1108 1462 Tarium,

136 1464 1107 1550 quifiliumdeprehensuminparricidioexiliodamnavitcausa

136 1553 265 1628 cognita,
278 1567 366 1611 nemo
379 1555 439 1611 non
451 1550 599 1625 suspexit,
614 1550 866 1624 qnodcontentus
874 1551 965 1613 exilio
974 1561 1007 1614 et
1015 1555 1108 1616 exilio

136 1637 264 1697 delicato
280 1635 434 1695 Massiliae
449 1633 627 1709 parricidam
644 1632 791 1695 continuit
804 1643 834 1694 et
844 1652 945 1696 annua
958 1637 1003 1697 illi
1019 1655 1106 1714 prae-

135 1719 215 1793 stitit,
224 1725 336 1794 quanta
344 1717 1027 1794 praestareintegrosolebat:haecliberalitas
1036 1723 1107 1782 elle

137 1802 190 1874 cit,
211 1810 244 1863 ut
258 1802 287 1860 in
301 1819 360 1876 qua
371 1801 491 1861 civitate
502 1817 666 1875 numquam
678 1802 765 1862 deest
775 1810 923 1877 patronus
935 1805 1106 1880 peioribus,

135 1900 225 1944 nemo
238 1884 395 1958 dubitaret,
413 1886 484 1960 quin
496 1902 568 1945 rous
580 1886 685 1946 merito
694 1885 855 1947 damnatus
862 1894 955 1961 esset,
972 1906 1067 1964 quem
1078 1891 1106 1949 is

105 1975 220 2044 apator
240 1968 384 2027 damnare
406 1969 569 2043 potuisset,
600 1969 650 2042 qui
666 1968 770 2029 odisse
791 1986 852 2030 non
871 1978 1002 2046 poterat.
1040 1975 1106 2034 Hoc

134 2052 203 2128 ipso
212 2052 352 2127 exemplo
361 2051 440 2113 dabo
450 2068 539 2127 quem
552 2068 702 2127 conpares
714 2054 795 2114 bono
805 2056 883 2129 patri
892 2054 1010 2117 bonum
1024 2059 1105 2132 prin-

135 2137 243 2212 cipem.
277 2134 458 2210 Cogniturus
475 2137 512 2195 de
528 2135 589 2194 filio
601 2137 706 2197 Tarius
722 2138 884 2198 advocavit
897 2139 927 2197 in
940 2141 1104 2202 consilium

135 2220 295 2281 Caesarem
310 2222 490 2294 Augustum.
515 2219 640 2278 venitin
656 2222 791 2295 privatos
807 2230 948 2296 penates,
972 2225 1103 2296 adsedit,

134 2320 207 2381 pars
223 2304 311 2364 alieni
327 2303 446 2364 consilii
459 2301 522 2364 luit.
543 2319 603 2363 non
616 2303 704 2363 dixit:
724 2304 814 2366 immo
827 2306 856 2364 in
869 2323 967 2367 meam
979 2308 1103 2369 domurn

134 2387 245 2448 veniat.
268 2387 351 2462 quod
366 2388 392 2447 si
406 2387 516 2446 lactum
532 2395 629 2458 esset,
649 2387 788 2449 Caesaris
803 2390 904 2450 lutura
918 2399 984 2451 erat
999 2394 1102 2468 cogni·

105 2471 192 2546 4tio,
220 2486 281 2532 non
301 2472 404 2546 patris.
439 2471 551 2531 Audita
570 2486 665 2531 causa
686 2473 889 2548 excussisque
909 2473 1053 2537 omnibus
1074 2483 1104 2536 et

134 2555 182 2615 his
198 2569 276 2630 quae
298 2556 481 2615 adulescens
503 2572 558 2630 pro
574 2570 609 2614 se
625 2555 743 2616 dixerat
757 2557 847 2617 ethis
864 2559 975 2633 quibus
993 2576 1102 2636 argue-

134 2641 237 2713 batur,
260 2639 334 2713 petit
347 2644 379 2697 ut
393 2640 571 2699 sententiam
586 2655 673 2698 suam
689 2640 820 2716 quisque
834 2642 998 2717 scriberet,
1015 2661 1054 2705 ne
1065 2658 1103 2704 oa

135 2723 267 2783 omnium
283 2723 382 2793 fieret,
399 2739 479 2797 quae
491 2721 630 2782 Caesaris
646 2722 763 2785 luisset.
796 2726 907 2785 deinde
921 2726 1102 2803 priusquam

135 2806 323 2880 aperirentur
338 2805 482 2878 codicilli,
505 2807 614 2867 iuravit
628 2824 662 2866 se
675 2808 768 2880 Tarii,
784 2808 914 2870 hominis
928 2811 1102 2886 locupletis,

104 2889 329 2955 thereditatem
350 2906 410 2949 non
428 2890 585 2950 aditurum.
618 2891 704 2951 Dicet
721 2892 846 2967 aliquis:
870 2894 982 2967 pusillo
999 2895 1101 2955 animo

133 2972 243 3046 timuit,
263 2989 301 3033 ne
315 2973 467 3033 videretur
482 2976 582 3034 locum
595 2975 662 3049 spei
673 2992 748 3035 suae
759 2977 878 3052 aperire
889 2979 970 3038 velle
982 2975 1039 3052 [in]
1050 2976 1102 3039 lilii

134 3056 335 3118 damnatione.
364 3072 420 3132 ego
436 3064 540 3118 contra
555 3060 662 3120 sentio.
686 3059 811 3136 quilibet
825 3068 962 3123 nostrum
978 3061 1100 3124 debuis-

134 3148 182 3201 set
200 3142 349 3202 adversus
371 3140 532 3216 opiniones
547 3143 693 3218 malignas
708 3143 782 3204 satis
798 3145 927 3205 fiduciae
942 3145 1058 3206 habere
1073 3147 1109 3205 in

134 3223 215 3284 bona
237 3226 441 3299 conscientia,
472 3225 624 3301 principes
646 3229 739 3288 multa
758 3229 869 3289 debent
888 3228 978 3289 etiam
1001 3230 1101 3290 lamae

102 3305 215 3368 fidare.
244 3309 357 3369 iuravit
377 3326 412 3370 se
433 3327 492 3370 non
510 3311 659 3369 aditurum
676 3312 881 3373 hereditatem.
912 3312 1021 3374 Tarius
1037 3315 1101 3389 qui-

135 3390 202 3449 dem
217 3392 327 3452 eodem
342 3393 391 3452 die
405 3399 435 3451 et
449 3395 574 3454 alterum
590 3393 732 3454 heredem
748 3395 893 3470 perdidit,
916 3398 972 3457 sed
989 3396 1102 3458 Caesar

134 3471 300 3534 libertatem
322 3477 488 3536 sententiae
509 3494 584 3537 suae
599 3479 735 3539 redemit.
763 3487 794 3540 et
811 3489 974 3555 postquam
989 3481 1103 3558 adpro-
