2438 3968
118 248 124 267 ·
194 231 258 296 250
378 234 413 293 L.
436 233 582 293 ΑΝΝΑΕΙ
601 233 776 295 SENECAE
797 236 899 296 DIAL.
918 237 982 297 ΧΗ.

193 404 289 463 mum,
306 404 366 447 non
379 387 476 461 magis
489 403 579 461 quam
590 387 671 447 ullus
683 386 815 448 sufficiet
825 388 933 448 humor
944 390 984 448 ad
995 391 1172 454 satiandum

194 488 280 543 eum,
303 470 390 531 cuius
412 470 598 531 desiderium
619 487 680 530 non
698 487 737 530 ex
751 470 876 546 inopia,¹
893 473 948 532 sed
964 488 1005 532 ex
1019 482 1110 536 aestu
1124 493 1172 536 ar-

195 555 329 616 dentium
345 555 497 614 viscerum
513 554 616 614 oritur.
639 571 699 615 non
714 554 794 614 onim
809 555 873 615 sitis
889 555 954 630 illa,
971 559 1030 616 sed
1040 559 1172 621 morbus

165 640 251 698 lest.
285 638 359 698 Nec
380 638 507 697 hocin
528 639 854 712 pecuniatantum
880 646 945 699 aut
969 640 1171 704 alimentis

195 722 339 782 evenit:
369 722 499 781 eadem
524 729 661 781 natura
684 728 743 782 est
766 723 802 780 in
828 723 927 782 omni
950 723 1171 801 desiderio,

196 806 295 880 quod
318 805 428 865 modo
450 821 523 865 non
545 821 591 863 ex
612 804 760 880 inopia,
782 806 911 865 sedux
925 807 1021 866 vitio
1037 810 1169 871 nasci-

194 897 264 951 tur.
297 888 444 963 quicquid
460 888 502 947 illi
518 889 727 963 congesseris,
749 903 810 948 non
825 889 895 949 finis
910 891 966 948 crit
980 890 1169 966 cupiditatis,

195 974 251 1032 sed
273 971 398 1047 gradus.
440 970 496 1045 Qui
517 971 683 1032 continebit
706 972 809 1048 itaque
834 988 869 1032 se
894 974 972 1033 intra
997 977 1169 1036 naturalem

195 1055 333 1130 modurn,
355 1062 565 1130 paupertatem
578 1073 640 1118 non
652 1057 775 1116 sentiotz
799 1057 851 1131 qui
863 1056 1030 1117 naturalem
1041 1061 1167 1137 modum

98 1182 102 1203 .»
195 1140 330 1212 excedit,
351 1155 419 1199 eum
433 1139 463 1199 in
479 1140 604 1200 summis
616 1155 741 1215 quoque
751 1140 862 1215 opibus
875 1148 1042 1216 paupertas
1055 1159 1179 1218 seque·

194 1230 250 1282 tur.
285 1224 475 1283 Necessariis
496 1223 589 1285 rebus
610 1232 641 1284 et
660 1223 750 1283 exilia
771 1223 941 1297 sufiiciunt,
962 1228 1168 1300 supervacuis

166 1304 254 1370 5nec
274 1323 378 1383 regna.
414 1307 543 1367 Animus
565 1315 627 1378 est,
651 1309 703 1382 qui
723 1307 833 1368 divites
854 1309 934 1368 lacit.
961 1307 1011 1367 hic
1027 1310 1057 1367 in
1077 1311 1167 1369 exilia

195 1392 334 1466 sequitur
354 1397 385 1450 et
410 1391 440 1450 in
460 1390 673 1451 solitudinibus
698 1392 891 1466 asperrimiS,
921 1408 990 1452 cum
1018 1402 1166 1468 quantum

196 1475 270 1537 satis
285 1482 333 1536 est
343 1473 522 1535 sustinendo
536 1476 657 1550 corpori
668 1474 797 1549 invenit,
812 1476 880 1550 ipse
890 1476 980 1535 bonis
992 1476 1058 1537 suis
1072 1478 1165 1538 abun·

196 1560 248 1619 dat
261 1566 290 1618 et
304 1559 423 1620 fruitur:
446 1558 576 1633 pecunia
590 1559 630 1619 ad
641 1559 771 1618 animum
784 1558 857 1619 nihil
869 1560 1012 1633 pertinet,
1028 1577 1093 1621 non
1104 1579 1164 1621 ma-

196 1643 243 1716 gis
266 1660 356 1716 quam
377 1644 417 1704 ad
439 1643 516 1703 deos
537 1643 711 1704 inmortales
733 1641 834 1703 omnia
848 1643 920 1717 ista,
941 1659 1021 1717 quae
1035 1644 1166 1721 inperita

166 1726 317 1799 dingenia
339 1732 368 1785 et
387 1726 476 1786 nimis
499 1725 679 1800 corporibus
701 1727 766 1787 suis
781 1727 903 1786 addicta
917 1726 1102 1801 suspiciunt.
1124 1731 1164 1789 la-

196 1809 299 1883 pides,
322 1826 440 1883 aurum,
464 1818 621 1885 argentum
637 1819 666 1870 et
686 1811 787 1885 magni
805 1811 975 1886 laevatique
990 1828 1165 1873 mensarum

197 1891 288 1951 orbes
308 1898 429 1952 terrena
443 1901 514 1954 sunt
529 1895 681 1968 pondera,
698 1910 777 1969 quae
792 1911 853 1955 non
869 1903 972 1968 potest
985 1912 1091 1956 amare
1104 1895 1163 1956 sin-

197 1991 285 2035 cerus
299 1976 417 2036 animus
431 1992 467 2037 ac
481 1984 607 2038 naturae
621 1994 696 2037 suae
711 1994 841 2049 mernor,
858 1979 935 2037 levis
950 1979 1039 2053 ipse,
1052 1986 1165 2056 expers

196 2066 227 2118 et
250 2059 434 2134 quandoque
459 2060 591 2121 emissus
619 2061 728 2134 luerit,
757 2063 796 2121 ad
822 2077 940 2121 summa
965 2063 1164 2124 emicaturus:

195 2143 313 2203 interim
328 2150 473 2218 quantum
493 2160 550 2219 per
563 2160 664 2204 moras
680 2145 882 2206 membrorum
897 2151 927 2204 et
940 2145 1020 2206 banc
1036 2148 1164 2208 circnm—

196 2228 293 2288 lusam
308 2243 431 2303 gravem
446 2227 597 2288 sarcinam
611 2229 696 2303 licat,
711 2230 801 2289 celeri
812 2237 842 2289 et
853 2228 969 2289 volucri
981 2230 1166 2306 cogitatione

166 2310 298 2372 idivina
317 2314 488 2387 perlustrat.
525 2311 659 2388 ideoque
677 2327 734 2371 nec
752 2313 877 2373 exulare
895 2329 1042 2388 umquam
1065 2321 1166 2389 potest

195 2395 272 2454 liber
291 2403 321 2456 et
341 2397 388 2456 dis
411 2403 559 2471 cognatus
579 2404 609 2458 et
623 2397 704 2456 omni
718 2397 830 2456 mundo
847 2396 990 2471 omnique
1005 2414 1085 2459 aevo
1101 2415 1164 2475 pur.

195 2495 265 2538 num
285 2479 428 2554 cogitatio
450 2481 516 2541 eius
537 2481 619 2540 circa
638 2495 728 2540 omne
750 2482 867 2540 coelum
881 2479 954 2540 etin
971 2497 1064 2542 omne
1078 2498 1164 2558 prae-

194 2561 314 2623 teritum
330 2565 525 2640 futurumque
540 2572 659 2640 tempus
671 2562 834 2624 inmittitur.
863 2564 1083 2639 corpusculum
1095 2566 1163 2639 hoc,

196 2646 337 2707 custodia
357 2656 387 2709 at
406 2649 558 2708 vinculum
575 2648 679 2718 animi,
703 2648 763 2709 huc
777 2654 868 2721 atque
885 2647 956 2709 illuc
970 2649 1108 2710 iactatur.
1135 2650 1172 2709 in,

195 2729 256 2788 hoc
275 2731 441 2806 supplicia,
463 2733 492 2791 in
514 2732 571 2791 boc
595 2732 765 2804 latrocinia,
787 2731 816 2790 in
832 2731 891 2793 hoc
906 2732 1003 2792 morbi
1018 2748 1164 2794 exercen-

195 2819 259 2871 tur=
283 2815 399 2876 animus
416 2817 539 2890 quidem
553 2814 620 2889 ipse
636 2830 725 2875 sacer
738 2822 768 2875 et
781 2821 923 2875 aeternus
938 2822 985 2876 est
999 2823 1029 2876 et
1042 2819 1092 2878 cui
1103 2832 1165 2878 non

195 2897 296 2971 possit
310 2898 380 2958 inici
395 2915 513 2960 manus.
878 2908 885 2938 t

168 2991 182 3040 1
257 2980 320 3041 ΧΠ.
352 2981 403 3041 Ne
429 2999 484 3042 me
510 2988 621 3058 putes
642 2982 687 3040 ad
709 2983 902 3042 elevanda
923 2983 1166 3045 incommoda

196 3066 461 3140 paupertatis,
492 3082 599 3142 quarn
622 3081 728 3124 nemo
748 3081 902 3140 gravem
925 3068 1060 3141 sentit,
1089 3069 1165 3128 nisi

197 3149 259 3221 qui
288 3156 411 3224 putat,
440 3151 492 3210 uti
521 3156 663 3210 tantum
687 3150 911 3224 praeceptis
933 3151 1165 3226 sapientum.

195 3228 326 3291 Primum
341 3232 482 3308 adspice,
506 3240 619 3308 quanto
633 3233 729 3294 maior
744 3249 815 3307 pars
831 3233 869 3292 sit
883 3250 1068 3308 pauperum,
1085 3250 1165 3313 quos

196 3311 288 3374 nihilo
310 3316 430 3377 notabis
447 3318 594 3377 tristiores
616 3316 870 3391 sollicitioresque
885 3316 1044 3378 divitibus:
1074 3319 1165 3379 immo

195 3397 300 3458 nescio
321 3415 359 3458 an
374 3414 410 3459 eo
426 3401 566 3461 laetiores
582 3401 655 3474 sint,
680 3401 763 3475 quod
777 3400 894 3460 ammus
909 3401 1028 3462 illorum
1043 3404 1074 3462 in
1090 3420 1163 3479 pau·

168 3480 278 3541 tciora
300 3481 495 3554 distringitur.
531 3485 733 3545 Transeamus
749 3486 963 3560 opaupcribus
976 3503 1057 3548 nunc
1071 3495 1102 3548 et
1113 3503 1167 3548 ve·
