2438 3968
187 227 247 289 tao
362 229 396 287 n.
418 228 563 288 annam
585 211 758 290 sannone
780 232 881 291 oran.
905 234 955 292 vr.

187 389 230 444 tot
245 383 452 457 rogationibus
473 383 551 442 intra
572 392 696 458 penates
712 381 922 459 interemptum
937 402 1030 459 suos,
1047 386 1158 447 amise-

186 477 232 527 rat
246 467 360 527 incerto
378 466 481 526 caedis
496 474 629 527 auctore.
651 474 748 526 tamen
765 475 795 527 et
809 468 949 527 acerbam
961 476 1089 529 mortem
1105 470 1158 532 lilii

187 559 218 611 et
231 551 353 609 inultam
367 558 427 610 tarn
446 566 555 624 magno
571 551 669 610 animo
685 551 757 623 tulit,
780 566 870 625 quarn
889 552 957 628 ipse
971 553 1057 628 leges
1081 556 1158 614 tule-

154 642 240 698 5rat.
263 634 527 694 lamcumlortuna
542 635 569 692 in
583 635 717 709 gratiam,
733 634 854 708 Marcia,
870 636 1042 708 reverteris
1059 639 1085 696 si
1097 639 1158 697 tela

188 720 309 794 quaein
327 718 487 792 Scipiones
503 717 740 792 Scipionumque
760 725 871 778 matres
893 735 929 778 ac
947 720 1028 780 filios
1044 721 1156 796 exegit,

188 803 297 878 quibus
315 803 460 861 Caesares
477 801 568 875 petiit,
591 810 705 861 neate
727 800 848 875 quidem
869 803 1036 863 continuit?
1063 805 1158 864 Plena

186 894 216 946 et
230 887 339 946 infesta
354 886 445 944 variis
458 885 580 945 casibus
592 884 652 945 vita
664 892 718 957 est,
733 901 752 944 a
767 884 877 958 quibus
893 888 965 946 nulli
980 887 1073 963 longa
1086 904 1157 962 pax,

187 970 238 1030 vix
258 968 397 1029 induciae
417 976 495 1027 sunt.
533 968 666 1042 Quatuor
686 969 798 1028 liberos
824 970 1007 1044 sustuleras,
1030 970 1155 1031 Marcia.

186 1054 297 1114 nullum
319 1054 402 1112 aiunt
424 1055 534 1111 trustra
560 1053 669 1110 cadere
691 1054 797 1126 telum,
827 1055 910 1127 quod
934 1055 963 1112 in
985 1055 1156 1114 confertum

185 1153 293 1211 agmen
308 1136 466 1195 inmissum
481 1141 541 1195 est:
563 1136 670 1195 mirum
690 1142 737 1195 est
750 1141 862 1195 tantam
877 1137 992 1197 turbam
1016 1155 1078 1198 non
1102 1155 1155 1213 po-

155 1230 172 1285 6
186 1222 282 1281 tuisse
297 1219 363 1279 sine
377 1220 490 1279 invidia
508 1220 658 1279 damnove
674 1218 883 1294 praetervehit
908 1223 974 1295 „At
994 1221 1066 1280 hoc
1081 1223 1154 1281 ini-

186 1302 567 1382 quiorlortunaluit,
585 1304 684 1378 quod
700 1319 771 1363 non
787 1306 1094 1380 tantumeripnit
1110 1307 1154 1366 li-

185 1390 274 1462 iios,
296 1389 363 1448 sed
379 1386 530 1462 elegit.“
551 1387 699 1462 Numqum
714 1394 814 1446 tamen
829 1387 969 1448 iniuriam
984 1389 1101 1450 dixeris
1116 1406 1155 1449 ex

183 1489 284 1548 aequo
300 1488 367 1532 cunr
384 1472 554 1548 potentiore
569 1471 713 1544 dividere,
735 1471 812 1531 duas
828 1471 881 1530 libi
894 1471 1016 1547 reliquit
1031 1473 1111 1533 illias
1127 1482 1156 1533 et

182 1558 291 1617 harum
311 1563 450 1632 nepotes.
483 1563 513 1615 et
532 1554 647 1630 ipsum,
675 1569 764 1628 quem
783 1555 913 1614 maxime
934 1556 1021 1630 luges
1041 1557 1154 1631 prioris

184 1643 284 1714 oblita,
305 1658 365 1702 non
382 1656 421 1700 ex
436 1648 496 1701 toto
518 1640 656 1700 abstulit:
677 1638 773 1698 babes
793 1655 832 1698 ex
852 1639 902 1700 illo
918 1640 995 1699 duas
1017 1640 1107 1713 filias,
1129 1640 1154 1699 si

184 1727 263 1786 maie
278 1727 349 1798 lerS,
365 1741 475 1800 magna
486 1739 587 1795 onera,
603 1724 629 1783 si
644 1722 731 1796 bene,
747 1738 856 1797 magna
870 1724 986 1784 solatia.
1007 1724 1037 1782 in
1052 1723 1113 1785 hoc
1126 1732 1154 1783 te

186 1810 335 1885 perduxit,
353 1815 386 1869 ut
401 1809 467 1867 illas
488 1823 555 1867 eum
573 1805 696 1879 videris,
720 1807 913 1867 admonearis
934 1807 995 1877 filii,
1018 1823 1081 1866 non
1101 1809 1153 1867 do-

153 1893 265 1956 tloris.
287 1893 431 1966 Agricola
444 1891 561 1951 eversis
573 1891 741 1964 arboribus
759 1906 836 1964 quas
852 1899 903 1949 aut
920 1899 1028 1951 ventus
1044 1892 1153 1951 radici-

184 1985 232 2038 tus
247 1977 357 2036 evulsit
371 1982 423 2036 aut
436 1979 591 2036 contortus
612 1974 769 2047 repentino
786 1975 890 2048 inpetu
910 1975 996 2035 turbo
1019 1977 1155 2050 praetre-

183 2063 233 2136 git,
249 2061 386 2120 sobolem
403 2075 442 2119 ex
456 2057 515 2116 iliis
529 2057 681 2116 residuam
697 2059 779 2118 lovet
792 2066 822 2118 et
841 2057 1021 2117 amissarum
1037 2061 1155 2118 semina

183 2146 282 2206 statim
296 2145 480 2219 plantasque
495 2141 638 2215 disponit.
667 2149 696 2201 et
710 2149 878 2217 momento,
900 2157 968 2201 nam
990 2149 1023 2202 ut
1039 2143 1079 2201 ad
1102 2144 1154 2202 da·

183 2245 261 2303 mna,
274 2228 314 2288 ita
326 2229 365 2288 ad
375 2228 560 2287 incrementa
571 2225 708 2299 rapidum
722 2227 873 2302 veloxque
883 2231 1003 2300 tempus
1015 2233 1071 2297 est,
1080 2228 1155 2286 adu-

150 2313 299 2373 tileseunt
313 2309 435 2371 amissis
450 2309 582 2368 laetiora.
603 2309 666 2368 Hos
681 2325 761 2369 nunc
775 2309 878 2370 Metilii
892 2311 933 2369 tui
947 2310 1025 2370 illias
1040 2310 1071 2369 in
1087 2311 1154 2370 eins

182 2397 280 2456 vicem
292 2395 442 2455 substitue
457 2400 486 2452 et
503 2400 659 2453 vacentem
673 2395 772 2453 iocum
787 2395 885 2470 exple.
908 2410 999 2454 unum
1016 2394 1155 2454 dolorem

182 2480 333 2555 geminato
349 2479 457 2539 solatio
470 2479 548 2536 leva.
569 2478 625 2537 Est
638 2477 759 2552 quidem
772 2477 847 2538 baec
863 2484 971 2537 natura
981 2479 1154 2538 mortalium

183 2572 215 2625 ut
232 2562 306 2623 nihil
326 2560 423 2637 magis
438 2562 556 2636 placeat
572 2577 661 2636 quem
679 2562 760 2636 quod
776 2562 920 2621 amissum
938 2568 993 2621 est.
1022 2561 1153 2636 iniquio-

181 2663 232 2708 res
248 2663 354 2707 snmus
371 2647 520 2705 adversus
538 2646 641 2705 relicta
662 2653 832 2719 ereptorum
855 2643 1018 2705 desiderio.
1049 2647 1107 2706 sed
1127 2645 1154 2704 si

183 2730 341 2790 aestimare
358 2729 500 2802 volueris,
522 2745 611 2804 quam
633 2729 722 2787 valde
743 2727 796 2789 tibi
817 2730 951 2801 lortuna,
973 2727 1062 2789 etiam
1085 2745 1153 2788 cum

129 2846 133 2866 ι
182 2812 332 2887 saevierit,
357 2812 534 2889 pepercerit,
555 2813 635 2872 scies
650 2818 680 2871 te
696 2813 808 2872 habere
824 2815 891 2886 pius
914 2827 1003 2887 quam
1027 2812 1152 2872 solatia:

181 2898 302 2973 respice
315 2904 359 2959 tot
372 2904 510 2972 nepotes,
527 2897 603 2955 duas
616 2896 703 2956 filias.
726 2895 774 2956 dic
789 2896 861 2956 illud
875 2911 1007 2971 quoque,
1022 2895 1152 2955 Marcia=

182 2995 348 3056 „movereq
369 2981 395 3041 si
412 2986 495 3040 esset
516 2980 626 3055 cuique
647 2981 766 3040 lortuna
788 2995 842 3054 pro
858 2979 993 3039 moribus
1015 2985 1046 3039 et
1065 2995 1151 3039 num·

182 3082 271 3140 quarn
289 3065 368 3124 mala
381 3065 480 3126 bonos
497 3070 710 3137 sequerentur:
731 3079 811 3122 nunc
826 3062 915 3122 video
932 3070 1075 3138 exempto
1090 3060 1151 3123 dis·

181 3150 305 3208 crimine
321 3149 430 3208 eodem
443 3149 534 3209 modo
550 3149 646 3208 malos
660 3147 822 3222 bonosque
836 3146 971 3207 iactari.“

150 3241 165 3294 t
243 3232 334 3290 XVII.
355 3232 474 3306 „Grave
491 3239 539 3292 est
558 3237 666 3302 tamen,
689 3246 779 3306 quem
800 3230 979 3290 educaveris
1000 3230 1150 3302 iuvenem,

179 3316 238 3374 ianr
253 3317 348 3390 matri,
364 3317 422 3375 iam
435 3315 511 3392 patri
527 3315 756 3390 praesidiumue
768 3315 871 3386 decus
889 3314 1055 3376 amittere.“
1077 3312 1150 3388 Quis

180 3406 272 3475 negat
291 3415 384 3473 grave
405 3406 497 3460 esset
524 3401 581 3459 sed
599 3398 796 3458 humanum
816 3404 882 3457 est.
910 3399 950 3457 ad
971 3398 1030 3459 hoc
1049 3396 1151 3472 genita

99 3491 101 3495 ’
180 3499 224 3556 es,
239 3489 271 3542 ut
287 3484 441 3558 perderes,
463 3491 495 3543 ut
509 3484 639 3558 perires,
662 3490 693 3542 ut
706 3496 863 3556 sperares,
886 3488 1052 3553 metueres,
1073 3481 1149 3540 alios
