2438 3968
186 240 240 300 aa
262 238 485 299 accaronem
506 201 557 300 na
578 238 669 298 vua
691 239 831 299 aunan.
854 187 974 302 ao-'aa
1017 238 1078 304 157

106 400 138 452 ct
155 391 242 450 exilis
264 406 394 466 corpore
416 397 465 464 [ac
480 390 594 451 amisso
611 392 710 464 oculo]
729 391 852 463 valebit,
876 395 965 454 malet
978 401 1078 454 tumen

105 475 165 536 sibi
182 490 252 534 asse
268 474 406 550 corporis
421 475 523 547 robur,
543 481 572 534 et
586 474 645 535 huc
659 474 715 548 ita,
729 482 763 534 ut
777 475 853 535 sciat
866 491 937 536 esse
949 478 1033 538 aliud
1047 477 1077 537 in

101 575 140 619 se
156 559 314 619 valentius.
349 560 458 617 malam
478 557 674 618 valitudinem
690 557 843 630 tolerabit,
864 559 976 620 bonam
991 567 1076 635 opla-

104 643 155 702 bit.
191 642 342 717 quaedam
362 644 456 714 enim,
478 642 595 701 etiamsi
616 642 645 701 in
667 657 815 702 summam
828 643 873 701 rai
889 658 985 717 parva
999 647 1106 718 sunta

105 726 179 799 [aia]
196 734 226 787 et
238 725 371 786 subduci
386 725 452 786 sine
468 726 554 785 ruina
568 726 744 801 principalis
759 725 832 785 boni
848 732 992 800 possunt,
1013 728 1077 787 adi-

104 810 188 869 ciunt
204 818 303 870 tamen
325 810 439 885 aliquid
460 809 499 869 ad
520 816 696 885 perpetuam
715 809 856 869 laetitiam
871 817 956 870 etex
968 810 1079 871 virtute

103 901 295 954 nascentem:
318 893 363 953 sic
384 892 466 952 illum
488 893 634 953 adiiciunt
654 892 776 953 divitiae
790 900 821 952 et
837 892 1020 968 exhilarant,
1045 902 1079 954 ut

103 978 298 1051 navigantem
319 977 474 1037 secundus
497 983 527 1035 et
542 977 642 1038 larena
656 984 781 1049 ventus,
806 985 838 1037 ut
850 978 919 1038 dies
933 976 1033 1038 honus
1049 986 1079 1039 ct

102 1062 132 1121 in
149 1061 254 1120 bruma
270 1076 306 1120 ac
321 1059 434 1135 frigore
449 1060 572 1135 apricus
587 1060 684 1120 locus.
700 1060 774 1134 Quis
789 1076 881 1135 porro
896 1062 1107 1136 sapientumd

102 1152 276 1205 nostrorum
298 1145 382 1217 dico,
410 1145 520 1220 quibus
543 1161 633 1204 unum
655 1150 702 1204 est
722 1144 835 1204 bonum
850 1147 961 1218 virtus,
987 1152 1079 1221 negat

102 1228 193 1290 etiam
219 1228 311 1299 haec,
339 1243 418 1302 quae
443 1227 646 1289 indifferentia
670 1244 832 1302 vocamus,
857 1228 972 1288 habere
992 1230 1021 1289 in
1044 1245 1078 1290 se

103 1312 219 1387 aliquid
241 1310 328 1388 pretii
349 1319 379 1370 et
400 1312 459 1371 alia
482 1312 550 1370 aliis
572 1327 643 1372 esse
664 1313 802 1387 potiora't
834 1312 1016 1386 quibusdam
1039 1327 1078 1372 ex

102 1395 140 1455 iis
157 1396 295 1456 tribuitur
310 1396 425 1470 aliquid
437 1395 570 1468 honoris,
587 1395 768 1470 quibusdam
781 1398 915 1455 multum.
936 1396 980 1454 Ne
992 1411 1077 1455 erres

103 1480 222 1554 itaque,
248 1481 324 1538 inter
346 1478 464 1552 potiora
484 1478 606 1539 divitiae
622 1487 701 1539 sunt.
734 1478 830 1552 „Quid
851 1494 938 1554 ergo,
965 1479 1105 1554 inquisb

103 1579 151 1622 mc
168 1563 306 1635 derides,
326 1578 393 1621 cum
410 1564 548 1622 eumdem
563 1563 646 1637 apud
662 1570 691 1622 te
705 1563 804 1622 locam
820 1562 964 1636 habeant,
986 1577 1077 1637 quem

102 1646 187 1720 apud
198 1652 292 1705 mct“
314 1647 371 1704 Vis
385 1646 473 1719 scire,
491 1661 579 1719 quam
592 1663 652 1705 non
665 1645 796 1706 habeant
806 1646 945 1706 eumdem
957 1648 1078 1707 locumt

102 1729 175 1788 mibi
191 1727 314 1789 divitiae
329 1729 355 1789 si
373 1727 554 1801 effluxerint,
571 1727 643 1788 nihil
659 1730 796 1790 auferent
809 1728 866 1789 nisi
879 1731 1076 1805 semetipsas:

104 1823 134 1874 tu
149 1812 290 1887 stupebis
311 1820 340 1872 et
357 1813 510 1873 videberis
533 1811 584 1872 tibi
600 1812 665 1872 sine
681 1821 711 1873 te
725 1812 862 1887 relictus,
884 1814 910 1874 si
931 1814 1001 1874 illae
1015 1830 1034 1873 a
1046 1821 1077 1873 te

103 1896 297 1956 recesserint.
337 1898 419 1971 apud
448 1912 496 1956 me
525 1895 646 1956 divitiae
674 1897 805 1971 aliquem
831 1897 930 1957 locum
955 1896 1075 1969 habent,

103 1981 187 2055 apud
208 1988 237 2040 te
253 1996 404 2040 summum
424 1996 460 2040 ac
476 1986 670 2054 postremum.
700 1979 822 2040 divitiae
837 1996 922 2039 meae
938 1987 1023 2052 sunt,
1045 1989 1076 2040 tu

104 2064 276 2126 divitiarum
291 2080 335 2123 es.

165 2148 270 2208 XXlIl.
292 2147 405 2208 Desine
428 2164 501 2223 ergo
519 2148 710 2223 philosophis
731 2148 861 2222 pecunia
883 2147 1102 2210 interdicere=1

103 2248 192 2292 nemo
209 2232 388 2306 sapientiam
404 2240 581 2307 paupertate
597 2232 758 2291 damnavit.
794 2230 925 2291 Habebit
939 2230 1077 2304 philoso-

104 2315 185 2390 phus
197 2317 314 2390 anaplas
326 2332 412 2390 opes,
430 2315 486 2375 sed
498 2317 570 2376 nulli
586 2316 736 2376 detractas
748 2330 806 2374 nec
818 2315 915 2374 alieno
928 2312 1077 2387 sauguine

105 2406 260 2471 cruentas,
290 2400 356 2459 sine
378 2400 556 2474 cuiusquam
581 2399 686 2458 iniuria
708 2405 825 2472 partas,
855 2398 920 2457 sine
942 2396 1075 2457 sordidis

106 2481 293 2556 quaestibus,
316 2500 442 2557 quarum
458 2490 517 2542 tam
532 2483 679 2543 honestus
695 2482 734 2542 sit
748 2483 847 2542 exitus
863 2497 952 2556 quam
974 2478 1076 2540 introi·

104 2573 163 2637 tus,
187 2565 295 2638 quibus
312 2581 399 2626 nenio
416 2567 594 2641 ingemiscat
614 2567 671 2626 nisi
692 2565 850 2640 malignus.
880 2564 909 2622 in
932 2570 1077 2638 quantum

104 2649 152 2709 vis
178 2664 330 2723 exaggera
353 2650 436 2709 illas:
460 2650 608 2711 honestae
629 2656 707 2723 sunt,
728 2651 756 2708 in
774 2649 884 2723 quibus
901 2648 1077 2707 cummulta

105 2734 174 2807 sint,
201 2747 279 2806 quae
301 2749 357 2792 sua
379 2733 510 2807 quaque
531 2734 591 2793 dici
612 2735 698 2807 velit,
719 2732 790 2791 nihil
813 2738 867 2803 est,
891 2731 973 2804 quod
994 2730 1075 2806 quis·

106 2832 197 2892 quam
213 2833 300 2876 suurn
317 2816 414 2890 possit
428 2817 539 2878 dicere.
561 2818 613 2877 llle
628 2834 701 2877 vero
715 2818 853 2876 fortunae
865 2814 1105 2890 benignitatem

105 2917 123 2959 a
140 2916 175 2959 se
192 2917 251 2960 non
268 2899 461 2960 submovebit
483 2907 513 2960 et
527 2902 706 2976 patrimonio
723 2917 778 2975 per
793 2900 921 2959 honesta
937 2898 1075 2973 quaesito

105 2999 163 3043 nec
176 2984 352 3058 gloriabitur
367 2999 424 3043 nec
444 2984 613 3045 erubescet.
642 2984 763 3044 babebit
783 2992 882 3044 tamen
905 2983 992 3041 etiam
1015 2998 1076 3056 quc

105 3066 258 3142 glorietur,
282 3067 309 3127 si
324 3075 428 3141 aperta
444 3068 534 3129 domo
550 3076 580 3128 et
596 3069 730 3129 admissa
752 3069 780 3127 in
793 3083 843 3127 res
865 3082 937 3126 suas
958 3065 1077 3126 civitate

106 3152 216 3226 poterit
229 3151 346 3211 dicere:
369 3152 474 3225 „quod
491 3152 620 3227 quisque
635 3153 799 3227 agnoverit,
821 3151 933 3211 tollat.“
969 3147 992 3209 0
1015 3165 1075 3209 ma·

106 3250 198 3309 gnum
217 3234 321 3308 virum,
338 3236 450 3311 optime
461 3236 593 3308 divitem,
609 3237 720 3310 sipost
735 3235 813 3295 hanc
827 3249 933 3295 vocem
949 3241 1076 3294 tautum·

108 3319 176 3376 dem
199 3318 349 3379 habuerit!
372 3320 411 3378 ita
434 3320 511 3392 dico,
533 3321 559 3378 si
580 3326 642 3380 tuto
664 3328 693 3380 et
713 3334 846 3379 securus·
863 3316 1077 3378 scrutationem

108 3403 223 3476 populo
241 3403 420 3476 praebuerit,
443 3405 468 3463 si
483 3404 555 3463 nihil
572 3403 732 3479 quisquam
747 3404 829 3478 apud
852 3403 933 3462 illum
955 3403 1076 3461 invene·

109 3487 154 3557 rit,
175 3502 236 3560 quo
257 3503 364 3547 manus
379 3486 489 3560 iniciat,
512 3488 657 3548 audacter
675 3494 705 3546 et
725 3489 882 3563 propalam
904 3487 959 3545 erit
980 3485 1075 3544 dives.
