<?xml version="1.0" encoding="UTF-8"?>
<!DOCTYPE html PUBLIC "-//W3C//DTD XHTML 1.0 Transitional//EN"
    "http://www.w3.org/TR/xhtml1/DTD/xhtml1-transitional.dtd">
<html xmlns="http://www.w3.org/1999/xhtml" xml:lang="en" lang="en">
 <head>
  <title>
</title>
<meta http-equiv="Content-Type" content="text/html;charset=utf-8" />
  <meta name='ocr-system' content='tesseract 3.04.00' />
  <meta name='ocr-capabilities' content='ocr_page ocr_carea ocr_par ocr_line ocrx_word'/>
</head>
<body>
  <div class='ocr_page' id='page_1' title='image "./lannaeisenecaeo05senegoog_0196.png"; bbox 0 0 2438 3968; ppageno 0'>
   <div class='ocr_carea' id='block_1_1' title="bbox 189 221 1071 331">
    <p class='ocr_par' dir='ltr' id='par_1_1' title="bbox 189 221 1071 331">
     <span class='ocr_line' id='line_1_1' title="bbox 189 221 1071 331; baseline -0.001 -14"><span class='ocrx_word' id='word_1_1' title='bbox 189 296 192 301; x_wconf 58' lang='grc'><strong><em>»</em></strong></span> <span class='ocrx_word' id='word_1_2' title='bbox 273 257 323 317; x_wconf 84' lang='lat' dir='ltr'>ou</span> <span class='ocrx_word' id='word_1_3' title='bbox 337 257 669 331; x_wconf 78' lang='lat' dir='ltr'><strong>TRANQUILLITATE</strong></span> <span class='ocrx_word' id='word_1_4' title='bbox 685 221 806 314; x_wconf 75' lang='lat' dir='ltr'>animi.</span> <span class='ocrx_word' id='word_1_5' title='bbox 822 263 907 318; x_wconf 79' lang='lat' dir='ltr'>a-r.</span> <span class='ocrx_word' id='word_1_6' title='bbox 1011 253 1071 318; x_wconf 84' lang='lat' dir='ltr'>tet</span> 
     </span>
    </p>
   </div>
   <div class='ocr_carea' id='block_1_2' title="bbox 57 410 1118 3595">
    <p class='ocr_par' dir='ltr' id='par_1_2' title="bbox 57 410 1118 2670">
     <span class='ocr_line' id='line_1_2' title="bbox 106 410 1074 487; baseline 0.003 -18"><span class='ocrx_word' id='word_1_7' title='bbox 106 411 202 483; x_wconf 92' lang='lat' dir='ltr'>dum,</span> <span class='ocrx_word' id='word_1_8' title='bbox 219 426 292 486; x_wconf 92' lang='lat' dir='ltr'>quo</span> <span class='ocrx_word' id='word_1_9' title='bbox 313 418 348 470; x_wconf 91' lang='lat' dir='ltr'>te</span> <span class='ocrx_word' id='word_1_10' title='bbox 364 410 422 470; x_wconf 91' lang='lat' dir='ltr'>vis</span> <span class='ocrx_word' id='word_1_11' title='bbox 443 411 590 485; x_wconf 92' lang='lat' dir='ltr'>ingenii</span> <span class='ocrx_word' id='word_1_12' title='bbox 611 411 721 470; x_wconf 84' lang='lat' dir='ltr'>ieret.</span> <span class='ocrx_word' id='word_1_13' title='bbox 751 411 903 471; x_wconf 87' lang='lat' dir='ltr'>Isocrates</span> <span class='ocrx_word' id='word_1_14' title='bbox 916 411 1074 487; x_wconf 84' lang='lat' dir='ltr'>Ephorum</span> 
     </span>
     <span class='ocr_line' id='line_1_3' title="bbox 103 492 1073 570; baseline 0.003 -17"><span class='ocrx_word' id='word_1_15' title='bbox 103 493 214 554; x_wconf 92' lang='lat' dir='ltr'>iniecta</span> <span class='ocrx_word' id='word_1_16' title='bbox 230 510 322 554; x_wconf 91' lang='lat' dir='ltr'>manu</span> <span class='ocrx_word' id='word_1_17' title='bbox 336 510 354 552; x_wconf 91' lang='lat' dir='ltr'>a</span> <span class='ocrx_word' id='word_1_18' title='bbox 369 494 435 554; x_wconf 88' lang='lat' dir='ltr'>loro</span> <span class='ocrx_word' id='word_1_19' title='bbox 452 494 597 554; x_wconf 87' lang='lat' dir='ltr'>subduxit</span> <span class='ocrx_word' id='word_1_20' title='bbox 611 492 759 554; x_wconf 76' lang='lat' dir='ltr'>utiliorem</span> <span class='ocrx_word' id='word_1_21' title='bbox 778 494 990 570; x_wconf 84' lang='lat' dir='ltr'>conponendis</span> <span class='ocrx_word' id='word_1_22' title='bbox 1008 513 1073 555; x_wconf 92' lang='lat' dir='ltr'>mo·</span> 
     </span>
     <span class='ocr_line' id='line_1_4' title="bbox 97 576 1073 654; baseline -0.002 -12"><span class='ocrx_word' id='word_1_23' title='bbox 97 576 254 642; x_wconf 87' lang='lat' dir='ltr'>numentis</span> <span class='ocrx_word' id='word_1_24' title='bbox 275 578 468 638; x_wconf 85' lang='lat' dir='ltr'><strong>historiarum</strong></span> <span class='ocrx_word' id='word_1_25' title='bbox 481 585 576 638; x_wconf 89' lang='lat' dir='ltr'>ratus.</span> <span class='ocrx_word' id='word_1_26' title='bbox 612 578 690 638; x_wconf 89' lang='lat' dir='ltr'>male</span> <span class='ocrx_word' id='word_1_27' title='bbox 709 578 788 637; x_wconf 91' lang='lat' dir='ltr'>enim</span> <span class='ocrx_word' id='word_1_28' title='bbox 810 579 998 654; x_wconf 88' lang='lat' dir='ltr'>respondent</span> <span class='ocrx_word' id='word_1_29' title='bbox 1022 596 1073 640; x_wconf 93' lang='lat' dir='ltr'>co-</span> 
     </span>
     <span class='ocr_line' id='line_1_5' title="bbox 104 661 1103 740; baseline 0.006 -19"><span class='ocrx_word' id='word_1_30' title='bbox 104 670 172 721; x_wconf 90' lang='lat' dir='ltr'>acta</span> <span class='ocrx_word' id='word_1_31' title='bbox 191 662 325 735; x_wconf 85' lang='lat' dir='ltr'>ingenia:</span> <span class='ocrx_word' id='word_1_32' title='bbox 351 663 518 722; x_wconf 82' lang='lat' dir='ltr'>reluctante</span> <span class='ocrx_word' id='word_1_33' title='bbox 538 669 646 722; x_wconf 89' lang='lat' dir='ltr'>natura</span> <span class='ocrx_word' id='word_1_34' title='bbox 666 661 773 723; x_wconf 92' lang='lat' dir='ltr'>inritus</span> <span class='ocrx_word' id='word_1_35' title='bbox 796 662 883 723; x_wconf 89' lang='lat' dir='ltr'>labor</span> <span class='ocrx_word' id='word_1_36' title='bbox 904 665 996 740; x_wconf 89' lang='lat' dir='ltr'>est.†</span> <span class='ocrx_word' id='word_1_37' title='bbox 1016 664 1103 728; x_wconf 81' lang='lat' dir='ltr'>lte-o</span> 
     </span>
     <span class='ocr_line' id='line_1_6' title="bbox 103 745 1072 821; baseline 0.001 -16"><span class='ocrx_word' id='word_1_38' title='bbox 103 762 193 806; x_wconf 88' lang='lat' dir='ltr'>cesse</span> <span class='ocrx_word' id='word_1_39' title='bbox 214 752 307 807; x_wconf 89' lang='lat' dir='ltr'>estse</span> <span class='ocrx_word' id='word_1_40' title='bbox 322 748 423 820; x_wconf 93' lang='lat' dir='ltr'>ipsum</span> <span class='ocrx_word' id='word_1_41' title='bbox 438 745 612 820; x_wconf 84' lang='lat' dir='ltr'>aestimare,</span> <span class='ocrx_word' id='word_1_42' title='bbox 634 745 704 820; x_wconf 89' lang='lat' dir='ltr'>quia</span> <span class='ocrx_word' id='word_1_43' title='bbox 718 747 782 804; x_wconf 87' lang='lat' dir='ltr'>lere</span> <span class='ocrx_word' id='word_1_44' title='bbox 798 747 867 821; x_wconf 92' lang='lat' dir='ltr'>plus</span> <span class='ocrx_word' id='word_1_45' title='bbox 884 747 972 806; x_wconf 89' lang='lat' dir='ltr'>nobis</span> <span class='ocrx_word' id='word_1_46' title='bbox 989 746 1072 807; x_wconf 88' lang='lat' dir='ltr'>vide-</span> 
     </span>
     <span class='ocr_line' id='line_1_7' title="bbox 103 829 1075 905; baseline 0.001 -17"><span class='ocrx_word' id='word_1_47' title='bbox 103 847 170 890; x_wconf 86' lang='lat' dir='ltr'>mur</span> <span class='ocrx_word' id='word_1_48' title='bbox 196 845 289 904; x_wconf 91' lang='lat' dir='ltr'>posse</span> <span class='ocrx_word' id='word_1_49' title='bbox 316 846 407 905; x_wconf 91' lang='lat' dir='ltr'>quam</span> <span class='ocrx_word' id='word_1_50' title='bbox 433 845 613 905; x_wconf 88' lang='lat' dir='ltr'>possumus:</span> <span class='ocrx_word' id='word_1_51' title='bbox 642 830 720 889; x_wconf 91' lang='lat' dir='ltr'>alius</span> <span class='ocrx_word' id='word_1_52' title='bbox 745 829 938 905; x_wconf 74' lang='lat' dir='ltr'>eloquentiae</span> <span class='ocrx_word' id='word_1_53' title='bbox 962 830 1075 890; x_wconf 81' lang='lat' dir='ltr'>fiducia</span> 
     </span>
     <span class='ocr_line' id='line_1_8' title="bbox 104 912 1075 989; baseline 0.002 -17"><span class='ocrx_word' id='word_1_54' title='bbox 104 914 285 989; x_wconf 83' lang='lat' dir='ltr'>prolabitur,</span> <span class='ocrx_word' id='word_1_55' title='bbox 315 915 391 973; x_wconf 91' lang='lat' dir='ltr'>alius</span> <span class='ocrx_word' id='word_1_56' title='bbox 419 912 597 988; x_wconf 87' lang='lat' dir='ltr'>patrimonio</span> <span class='ocrx_word' id='word_1_57' title='bbox 624 929 681 972; x_wconf 90' lang='lat' dir='ltr'>suo</span> <span class='ocrx_word' id='word_1_58' title='bbox 707 913 776 989; x_wconf 92' lang='lat' dir='ltr'>plus</span> <span class='ocrx_word' id='word_1_59' title='bbox 801 914 960 989; x_wconf 88' lang='lat' dir='ltr'>imperavit</span> <span class='ocrx_word' id='word_1_60' title='bbox 983 931 1075 989; x_wconf 89' lang='lat' dir='ltr'>quam</span> 
     </span>
     <span class='ocr_line' id='line_1_9' title="bbox 105 997 1072 1073; baseline -0.001 -16"><span class='ocrx_word' id='word_1_61' title='bbox 105 999 184 1057; x_wconf 85' lang='lat' dir='ltr'>serre</span> <span class='ocrx_word' id='word_1_62' title='bbox 199 1004 320 1073; x_wconf 89' lang='lat' dir='ltr'>posset,</span> <span class='ocrx_word' id='word_1_63' title='bbox 345 999 422 1057; x_wconf 90' lang='lat' dir='ltr'>alius</span> <span class='ocrx_word' id='word_1_64' title='bbox 436 997 586 1057; x_wconf 78' lang='lat' dir='ltr'>infirmum</span> <span class='ocrx_word' id='word_1_65' title='bbox 601 1012 715 1072; x_wconf 89' lang='lat' dir='ltr'>corpus</span> <span class='ocrx_word' id='word_1_66' title='bbox 730 997 885 1059; x_wconf 90' lang='lat' dir='ltr'>laborioso</span> <span class='ocrx_word' id='word_1_67' title='bbox 902 999 1015 1073; x_wconf 88' lang='lat' dir='ltr'>pressit</span> <span class='ocrx_word' id='word_1_68' title='bbox 1029 998 1072 1059; x_wconf 86' lang='lat' dir='ltr'>ol·</span> 
     </span>
     <span class='ocr_line' id='line_1_10' title="bbox 104 1082 1073 1157; baseline 0.001 -16"><span class='ocrx_word' id='word_1_69' title='bbox 104 1082 184 1142; x_wconf 88' lang='lat' dir='ltr'>licio.</span> <span class='ocrx_word' id='word_1_70' title='bbox 217 1083 417 1157; x_wconf 91' lang='lat' dir='ltr'>quorumdam</span> <span class='ocrx_word' id='word_1_71' title='bbox 445 1098 551 1156; x_wconf 91' lang='lat' dir='ltr'>parum</span> <span class='ocrx_word' id='word_1_72' title='bbox 571 1083 681 1142; x_wconf 90' lang='lat' dir='ltr'>idonea</span> <span class='ocrx_word' id='word_1_73' title='bbox 702 1089 749 1142; x_wconf 92' lang='lat' dir='ltr'>est</span> <span class='ocrx_word' id='word_1_74' title='bbox 769 1083 955 1143; x_wconf 89' lang='lat' dir='ltr'>verecundia</span> <span class='ocrx_word' id='word_1_75' title='bbox 980 1083 1073 1142; x_wconf 89' lang='lat' dir='ltr'>rebus</span> 
     </span>
     <span class='ocr_line' id='line_1_11' title="bbox 104 1165 1074 1241; baseline 0 -16"><span class='ocrx_word' id='word_1_76' title='bbox 104 1165 260 1239; x_wconf 91' lang='lat' dir='ltr'>civilibus,</span> <span class='ocrx_word' id='word_1_77' title='bbox 277 1183 356 1241; x_wconf 87' lang='lat' dir='ltr'>quae</span> <span class='ocrx_word' id='word_1_78' title='bbox 372 1168 497 1240; x_wconf 91' lang='lat' dir='ltr'>primam</span> <span class='ocrx_word' id='word_1_79' title='bbox 513 1167 641 1227; x_wconf 86' lang='lat' dir='ltr'>lrontem</span> <span class='ocrx_word' id='word_1_80' title='bbox 658 1166 841 1227; x_wconf 89' lang='lat' dir='ltr'>desiderant.</span> <span class='ocrx_word' id='word_1_81' title='bbox 873 1167 1074 1240; x_wconf 88' lang='lat' dir='ltr'>quorumdam</span> 
     </span>
     <span class='ocr_line' id='line_1_12' title="bbox 107 1249 1075 1324; baseline -0.001 -15"><span class='ocrx_word' id='word_1_82' title='bbox 107 1251 296 1311; x_wconf 79' lang='lat' dir='ltr'>contumacia</span> <span class='ocrx_word' id='word_1_83' title='bbox 310 1267 370 1311; x_wconf 91' lang='lat' dir='ltr'>non</span> <span class='ocrx_word' id='word_1_84' title='bbox 387 1251 458 1311; x_wconf 87' lang='lat' dir='ltr'>lacit</span> <span class='ocrx_word' id='word_1_85' title='bbox 472 1251 511 1311; x_wconf 91' lang='lat' dir='ltr'>ad</span> <span class='ocrx_word' id='word_1_86' title='bbox 527 1251 635 1311; x_wconf 87' lang='lat' dir='ltr'>aulam.</span> <span class='ocrx_word' id='word_1_87' title='bbox 660 1250 783 1324; x_wconf 87' lang='lat' dir='ltr'>quidam</span> <span class='ocrx_word' id='word_1_88' title='bbox 797 1266 858 1310; x_wconf 92' lang='lat' dir='ltr'>non</span> <span class='ocrx_word' id='word_1_89' title='bbox 873 1249 1075 1310; x_wconf 79' lang='lat' dir='ltr'>habentinam</span> 
     </span>
     <span class='ocr_line' id='line_1_13' title="bbox 89 1333 1074 1409; baseline -0.001 -16"><span class='ocrx_word' id='word_1_90' title='bbox 89 1333 136 1393; x_wconf 92' lang='lat' dir='ltr'>·in</span> <span class='ocrx_word' id='word_1_91' title='bbox 160 1341 310 1409; x_wconf 85' lang='lat' dir='ltr'>potestate</span> <span class='ocrx_word' id='word_1_92' title='bbox 335 1341 365 1402; x_wconf 89' lang='lat' dir='ltr'>et</span> <span class='ocrx_word' id='word_1_93' title='bbox 385 1335 453 1394; x_wconf 93' lang='lat' dir='ltr'>illos</span> <span class='ocrx_word' id='word_1_94' title='bbox 475 1335 515 1394; x_wconf 89' lang='lat' dir='ltr'>ad</span> <span class='ocrx_word' id='word_1_95' title='bbox 535 1334 694 1395; x_wconf 89' lang='lat' dir='ltr'>temeraria</span> <span class='ocrx_word' id='word_1_96' title='bbox 714 1333 808 1393; x_wconf 88' lang='lat' dir='ltr'>verba</span> <span class='ocrx_word' id='word_1_97' title='bbox 824 1334 976 1408; x_wconf 89' lang='lat' dir='ltr'>quaelibet</span> <span class='ocrx_word' id='word_1_98' title='bbox 998 1333 1074 1394; x_wconf 92' lang='lat' dir='ltr'>indi-</span> 
     </span>
     <span class='ocr_line' id='line_1_14' title="bbox 105 1418 1076 1494; baseline -0.002 -16"><span class='ocrx_word' id='word_1_99' title='bbox 105 1418 208 1493; x_wconf 88' lang='lat' dir='ltr'>gnatio</span> <span class='ocrx_word' id='word_1_100' title='bbox 239 1418 336 1479; x_wconf 85' lang='lat' dir='ltr'>offert.</span> <span class='ocrx_word' id='word_1_101' title='bbox 373 1419 494 1494; x_wconf 92' lang='lat' dir='ltr'>quidam</span> <span class='ocrx_word' id='word_1_102' title='bbox 525 1418 722 1478; x_wconf 85' lang='lat' dir='ltr'>urbanitatem</span> <span class='ocrx_word' id='word_1_103' title='bbox 752 1418 892 1477; x_wconf 89' lang='lat' dir='ltr'>nesciunt</span> <span class='ocrx_word' id='word_1_104' title='bbox 919 1418 1076 1479; x_wconf 86' lang='lat' dir='ltr'>continere</span> 
     </span>
     <span class='ocr_line' id='line_1_15' title="bbox 106 1501 1076 1577; baseline -0.001 -16"><span class='ocrx_word' id='word_1_105' title='bbox 106 1518 164 1562; x_wconf 92' lang='lat' dir='ltr'>nec</span> <span class='ocrx_word' id='word_1_106' title='bbox 189 1503 370 1577; x_wconf 87' lang='lat' dir='ltr'>periculosis</span> <span class='ocrx_word' id='word_1_107' title='bbox 392 1501 544 1562; x_wconf 90' lang='lat' dir='ltr'>abstinent</span> <span class='ocrx_word' id='word_1_108' title='bbox 563 1501 688 1562; x_wconf 90' lang='lat' dir='ltr'>salibus.</span> <span class='ocrx_word' id='word_1_109' title='bbox 733 1501 877 1562; x_wconf 89' lang='lat' dir='ltr'>Omnibus</span> <span class='ocrx_word' id='word_1_110' title='bbox 906 1501 953 1561; x_wconf 89' lang='lat' dir='ltr'>his</span> <span class='ocrx_word' id='word_1_111' title='bbox 973 1501 1076 1562; x_wconf 88' lang='lat' dir='ltr'>utilior</span> 
     </span>
     <span class='ocr_line' id='line_1_16' title="bbox 107 1579 1076 1660; baseline 0.001 -17"><span class='ocrx_word' id='word_1_112' title='bbox 107 1587 229 1660; x_wconf 84' lang='lat' dir='ltr'>negotio</span> <span class='ocrx_word' id='word_1_113' title='bbox 246 1587 333 1660; x_wconf 90' lang='lat' dir='ltr'>quies</span> <span class='ocrx_word' id='word_1_114' title='bbox 349 1593 409 1646; x_wconf 83' lang='lat' dir='ltr'>est:</span> <span class='ocrx_word' id='word_1_115' title='bbox 439 1586 525 1645; x_wconf 80' lang='lat' dir='ltr'>ferox</span> <span class='ocrx_word' id='word_1_116' title='bbox 540 1579 753 1660; x_wconf 71' lang='lat' dir='ltr'>inpatiensque</span> <span class='ocrx_word' id='word_1_117' title='bbox 767 1591 874 1645; x_wconf 91' lang='lat' dir='ltr'>natura</span> <span class='ocrx_word' id='word_1_118' title='bbox 888 1584 1076 1646; x_wconf 91' lang='lat' dir='ltr'>inritamenta</span> 
     </span>
     <span class='ocr_line' id='line_1_17' title="bbox 109 1668 1103 1730; baseline 0 -1"><span class='ocrx_word' id='word_1_119' title='bbox 109 1671 264 1730; x_wconf 89' lang='lat' dir='ltr'>nociturae</span> <span class='ocrx_word' id='word_1_120' title='bbox 278 1670 424 1730; x_wconf 91' lang='lat' dir='ltr'>libertatis</span> <span class='ocrx_word' id='word_1_121' title='bbox 439 1669 539 1730; x_wconf 90' lang='lat' dir='ltr'>evitet.</span> <span class='ocrx_word' id='word_1_122' title='bbox 562 1668 811 1729; x_wconf 86' lang='lat' dir='ltr'>Aestimanda</span> <span class='ocrx_word' id='word_1_123' title='bbox 833 1677 921 1729; x_wconf 93' lang='lat' dir='ltr'>sunt</span> <span class='ocrx_word' id='word_1_124' title='bbox 935 1669 1103 1730; x_wconf 76' lang='lat' dir='ltr'>deindet</span> 
     </span>
     <span class='ocr_line' id='line_1_18' title="bbox 124 1754 1075 1829; baseline -0.001 -16"><span class='ocrx_word' id='word_1_125' title='bbox 124 1771 208 1829; x_wconf 89' lang='lat' dir='ltr'>psa,</span> <span class='ocrx_word' id='word_1_126' title='bbox 233 1770 329 1829; x_wconf 93' lang='lat' dir='ltr'>quae</span> <span class='ocrx_word' id='word_1_127' title='bbox 350 1754 610 1829; x_wconf 84' lang='lat' dir='ltr'>adgredimur,</span> <span class='ocrx_word' id='word_1_128' title='bbox 635 1759 670 1812; x_wconf 90' lang='lat' dir='ltr'>et</span> <span class='ocrx_word' id='word_1_129' title='bbox 690 1754 793 1814; x_wconf 92' lang='lat' dir='ltr'>vires</span> <span class='ocrx_word' id='word_1_130' title='bbox 815 1756 973 1813; x_wconf 83' lang='lat' dir='ltr'>nostrae</span> <span class='ocrx_word' id='word_1_131' title='bbox 995 1770 1075 1814; x_wconf 91' lang='lat' dir='ltr'>cum</span> 
     </span>
     <span class='ocr_line' id='line_1_19' title="bbox 106 1837 1074 1913; baseline -0.002 -16"><span class='ocrx_word' id='word_1_132' title='bbox 106 1839 238 1911; x_wconf 91' lang='lat' dir='ltr'>rebus,</span> <span class='ocrx_word' id='word_1_133' title='bbox 260 1854 357 1913; x_wconf 91' lang='lat' dir='ltr'>quas</span> <span class='ocrx_word' id='word_1_134' title='bbox 377 1837 604 1912; x_wconf 90' lang='lat' dir='ltr'>temptaturi</span> <span class='ocrx_word' id='word_1_135' title='bbox 620 1854 766 1910; x_wconf 56' lang='lat' dir='ltr'>sumus</span> <span class='ocrx_word' id='word_1_136' title='bbox 788 1838 1074 1912; x_wconf 86' lang='lat' dir='ltr'>conparandae.</span> 
     </span>
     <span class='ocr_line' id='line_1_20' title="bbox 106 1921 1074 1999; baseline -0.003 -18"><span class='ocrx_word' id='word_1_137' title='bbox 106 1923 203 1982; x_wconf 88' lang='lat' dir='ltr'>Debet</span> <span class='ocrx_word' id='word_1_138' title='bbox 224 1923 304 1981; x_wconf 92' lang='lat' dir='ltr'>enim</span> <span class='ocrx_word' id='word_1_139' title='bbox 319 1937 441 1996; x_wconf 87' lang='lat' dir='ltr'>semper</span> <span class='ocrx_word' id='word_1_140' title='bbox 457 1922 526 1996; x_wconf 91' lang='lat' dir='ltr'>plus</span> <span class='ocrx_word' id='word_1_141' title='bbox 547 1937 618 1981; x_wconf 90' lang='lat' dir='ltr'>esse</span> <span class='ocrx_word' id='word_1_142' title='bbox 635 1921 740 1999; x_wconf 88' lang='lat' dir='ltr'>virium</span> <span class='ocrx_word' id='word_1_143' title='bbox 760 1921 790 1981; x_wconf 93' lang='lat' dir='ltr'>in</span> <span class='ocrx_word' id='word_1_144' title='bbox 809 1929 913 1983; x_wconf 91' lang='lat' dir='ltr'>actore</span> <span class='ocrx_word' id='word_1_145' title='bbox 931 1937 1023 1997; x_wconf 91' lang='lat' dir='ltr'>quam</span> <span class='ocrx_word' id='word_1_146' title='bbox 1044 1923 1074 1979; x_wconf 90' lang='lat' dir='ltr'>in</span> 
     </span>
     <span class='ocr_line' id='line_1_21' title="bbox 57 2005 1076 2080; baseline -0.002 -14"><span class='ocrx_word' id='word_1_147' title='bbox 57 2037 61 2044; x_wconf 94' lang='lat'>·</span> <span class='ocrx_word' id='word_1_148' title='bbox 106 2021 208 2066; x_wconf 90' lang='lat' dir='ltr'>onere.</span> <span class='ocrx_word' id='word_1_149' title='bbox 231 2021 361 2066; x_wconf 87' lang='lat' dir='ltr'>necesse</span> <span class='ocrx_word' id='word_1_150' title='bbox 373 2013 420 2066; x_wconf 90' lang='lat' dir='ltr'>est</span> <span class='ocrx_word' id='word_1_151' title='bbox 431 2006 603 2080; x_wconf 89' lang='lat' dir='ltr'>opprimant</span> <span class='ocrx_word' id='word_1_152' title='bbox 614 2021 721 2079; x_wconf 89' lang='lat' dir='ltr'>onera,</span> <span class='ocrx_word' id='word_1_153' title='bbox 738 2022 817 2079; x_wconf 89' lang='lat' dir='ltr'>quae</span> <span class='ocrx_word' id='word_1_154' title='bbox 832 2007 946 2066; x_wconf 83' lang='lat' dir='ltr'>terente</span> <span class='ocrx_word' id='word_1_155' title='bbox 960 2005 1076 2064; x_wconf 89' lang='lat' dir='ltr'>maiora</span> 
     </span>
     <span class='ocr_line' id='line_1_22' title="bbox 106 2088 1101 2164; baseline -0.002 -14"><span class='ocrx_word' id='word_1_156' title='bbox 106 2098 186 2151; x_wconf 91' lang='lat' dir='ltr'>sunt.</span> <span class='ocrx_word' id='word_1_157' title='bbox 216 2090 369 2164; x_wconf 82' lang='lat' dir='ltr'>Quaedam</span> <span class='ocrx_word' id='word_1_158' title='bbox 392 2098 550 2164; x_wconf 90' lang='lat' dir='ltr'>praeterea</span> <span class='ocrx_word' id='word_1_159' title='bbox 571 2106 632 2150; x_wconf 92' lang='lat' dir='ltr'>non</span> <span class='ocrx_word' id='word_1_160' title='bbox 653 2096 714 2149; x_wconf 94' lang='lat' dir='ltr'>tam</span> <span class='ocrx_word' id='word_1_161' title='bbox 734 2105 845 2164; x_wconf 90' lang='lat' dir='ltr'>magna</span> <span class='ocrx_word' id='word_1_162' title='bbox 866 2098 938 2150; x_wconf 91' lang='lat' dir='ltr'>sunt</span> <span class='ocrx_word' id='word_1_163' title='bbox 953 2088 1101 2162; x_wconf 76' lang='lat' dir='ltr'>negotias</span> 
     </span>
     <span class='ocr_line' id='line_1_23' title="bbox 107 2173 1074 2250; baseline -0.003 -17"><span class='ocrx_word' id='word_1_164' title='bbox 107 2192 198 2250; x_wconf 92' lang='lat' dir='ltr'>quam</span> <span class='ocrx_word' id='word_1_165' title='bbox 213 2175 345 2235; x_wconf 82' lang='lat' dir='ltr'>fecunda</span> <span class='ocrx_word' id='word_1_166' title='bbox 358 2176 545 2249; x_wconf 91' lang='lat' dir='ltr'>multumque</span> <span class='ocrx_word' id='word_1_167' title='bbox 557 2174 747 2249; x_wconf 91' lang='lat' dir='ltr'>negotiorum</span> <span class='ocrx_word' id='word_1_168' title='bbox 762 2176 870 2233; x_wconf 88' lang='lat' dir='ltr'>lerunt.</span> <span class='ocrx_word' id='word_1_169' title='bbox 894 2181 924 2233; x_wconf 94' lang='lat' dir='ltr'>et</span> <span class='ocrx_word' id='word_1_170' title='bbox 938 2173 1014 2232; x_wconf 86' lang='lat' dir='ltr'>haec</span> <span class='ocrx_word' id='word_1_171' title='bbox 1027 2187 1074 2230; x_wconf 86' lang='lat' dir='ltr'>re-</span> 
     </span>
     <span class='ocr_line' id='line_1_24' title="bbox 107 2257 1076 2334; baseline -0.003 -17"><span class='ocrx_word' id='word_1_172' title='bbox 107 2259 251 2334; x_wconf 88' lang='lat' dir='ltr'>lngienda</span> <span class='ocrx_word' id='word_1_173' title='bbox 266 2266 350 2331; x_wconf 88' lang='lat' dir='ltr'>sunt,</span> <span class='ocrx_word' id='word_1_174' title='bbox 379 2274 418 2318; x_wconf 89' lang='lat' dir='ltr'>ex</span> <span class='ocrx_word' id='word_1_175' title='bbox 439 2259 551 2333; x_wconf 90' lang='lat' dir='ltr'>quibus</span> <span class='ocrx_word' id='word_1_176' title='bbox 571 2274 654 2319; x_wconf 89' lang='lat' dir='ltr'>nova</span> <span class='ocrx_word' id='word_1_177' title='bbox 672 2259 834 2332; x_wconf 90' lang='lat' dir='ltr'>occupatio</span> <span class='ocrx_word' id='word_1_178' title='bbox 857 2257 1076 2331; x_wconf 84' lang='lat' dir='ltr'>multiplexque</span> 
     </span>
     <span class='ocr_line' id='line_1_25' title="bbox 106 2340 1075 2414; baseline -0.002 -14"><span class='ocrx_word' id='word_1_179' title='bbox 106 2350 256 2402; x_wconf 90' lang='lat' dir='ltr'>nascetur.</span> <span class='ocrx_word' id='word_1_180' title='bbox 289 2358 346 2402; x_wconf 91' lang='lat' dir='ltr'>nec</span> <span class='ocrx_word' id='word_1_181' title='bbox 363 2342 571 2402; x_wconf 89' lang='lat' dir='ltr'>accedendum</span> <span class='ocrx_word' id='word_1_182' title='bbox 585 2358 638 2414; x_wconf 91' lang='lat' dir='ltr'>eo,</span> <span class='ocrx_word' id='word_1_183' title='bbox 654 2343 735 2402; x_wconf 91' lang='lat' dir='ltr'>unde</span> <span class='ocrx_word' id='word_1_184' title='bbox 750 2340 825 2402; x_wconf 89' lang='lat' dir='ltr'>liber</span> <span class='ocrx_word' id='word_1_185' title='bbox 838 2356 998 2414; x_wconf 84' lang='lat' dir='ltr'>regressus</span> <span class='ocrx_word' id='word_1_186' title='bbox 1014 2356 1075 2399; x_wconf 92' lang='lat' dir='ltr'>non</span> 
     </span>
     <span class='ocr_line' id='line_1_26' title="bbox 104 2424 1118 2500; baseline -0.003 -16"><span class='ocrx_word' id='word_1_187' title='bbox 104 2426 160 2484; x_wconf 84' lang='lat' dir='ltr'>sit:</span> <span class='ocrx_word' id='word_1_188' title='bbox 182 2426 218 2485; x_wconf 92' lang='lat' dir='ltr'>iis</span> <span class='ocrx_word' id='word_1_189' title='bbox 241 2426 433 2486; x_wconf 88' lang='lat' dir='ltr'>admovenda</span> <span class='ocrx_word' id='word_1_190' title='bbox 450 2442 558 2486; x_wconf 88' lang='lat' dir='ltr'>manus</span> <span class='ocrx_word' id='word_1_191' title='bbox 573 2434 635 2498; x_wconf 87' lang='lat' dir='ltr'>est,</span> <span class='ocrx_word' id='word_1_192' title='bbox 658 2442 787 2500; x_wconf 88' lang='lat' dir='ltr'>quorum</span> <span class='ocrx_word' id='word_1_193' title='bbox 801 2426 893 2486; x_wconf 85' lang='lat' dir='ltr'>finem</span> <span class='ocrx_word' id='word_1_194' title='bbox 908 2431 960 2483; x_wconf 93' lang='lat' dir='ltr'>aut</span> <span class='ocrx_word' id='word_1_195' title='bbox 974 2424 1075 2482; x_wconf 85' lang='lat' dir='ltr'>iacere</span> <span class='ocrx_word' id='word_1_196' title='bbox 1113 2454 1118 2463; x_wconf 91' lang='lat'><strong>·</strong></span> 
     </span>
     <span class='ocr_line' id='line_1_27' title="bbox 106 2509 1075 2584; baseline -0.003 -15"><span class='ocrx_word' id='word_1_197' title='bbox 106 2518 158 2569; x_wconf 89' lang='lat' dir='ltr'>aut</span> <span class='ocrx_word' id='word_1_198' title='bbox 179 2516 261 2569; x_wconf 87' lang='lat' dir='ltr'>certe</span> <span class='ocrx_word' id='word_1_199' title='bbox 279 2525 405 2584; x_wconf 87' lang='lat' dir='ltr'>sperare</span> <span class='ocrx_word' id='word_1_200' title='bbox 426 2511 539 2583; x_wconf 90' lang='lat' dir='ltr'>possis.</span> <span class='ocrx_word' id='word_1_201' title='bbox 568 2511 782 2583; x_wconf 90' lang='lat' dir='ltr'>relinquenda,</span> <span class='ocrx_word' id='word_1_202' title='bbox 805 2523 885 2584; x_wconf 91' lang='lat' dir='ltr'>quae</span> <span class='ocrx_word' id='word_1_203' title='bbox 900 2509 988 2567; x_wconf 92' lang='lat' dir='ltr'>latius</span> <span class='ocrx_word' id='word_1_204' title='bbox 1004 2514 1075 2566; x_wconf 88' lang='lat' dir='ltr'>actu</span> 
     </span>
     <span class='ocr_line' id='line_1_28' title="bbox 107 2593 794 2670; baseline 0 -19"><span class='ocrx_word' id='word_1_205' title='bbox 107 2593 277 2669; x_wconf 89' lang='lat' dir='ltr'>procedunt</span> <span class='ocrx_word' id='word_1_206' title='bbox 290 2609 347 2653; x_wconf 86' lang='lat' dir='ltr'>nec</span> <span class='ocrx_word' id='word_1_207' title='bbox 360 2594 411 2653; x_wconf 91' lang='lat' dir='ltr'>ubi</span> <span class='ocrx_word' id='word_1_208' title='bbox 428 2595 627 2670; x_wconf 90' lang='lat' dir='ltr'>proposueris</span> <span class='ocrx_word' id='word_1_209' title='bbox 643 2593 794 2653; x_wconf 88' lang='lat' dir='ltr'>desinunt.</span> 
     </span>
    </p>

    <p class='ocr_par' dir='ltr' id='par_1_3' title="bbox 105 2675 1105 3595">
     <span class='ocr_line' id='line_1_29' title="bbox 168 2675 1102 2753; baseline 0.005 -18"><span class='ocrx_word' id='word_1_210' title='bbox 168 2677 233 2735; x_wconf 92' lang='lat' dir='ltr'>Vll.</span> <span class='ocrx_word' id='word_1_211' title='bbox 266 2677 465 2736; x_wconf 91' lang='lat' dir='ltr'>Hominum</span> <span class='ocrx_word' id='word_1_212' title='bbox 496 2677 633 2753; x_wconf 88' lang='lat' dir='ltr'>utiquc</span> <span class='ocrx_word' id='word_1_213' title='bbox 661 2678 840 2738; x_wconf 90' lang='lat' dir='ltr'>delectus</span> <span class='ocrx_word' id='word_1_214' title='bbox 871 2675 1102 2740; x_wconf 86' lang='lat' dir='ltr'>habendusl</span> 
     </span>
     <span class='ocr_line' id='line_1_30' title="bbox 106 2758 1073 2838; baseline -0.002 -18"><span class='ocrx_word' id='word_1_215' title='bbox 106 2769 180 2821; x_wconf 83' lang='lat' dir='ltr'>est:</span> <span class='ocrx_word' id='word_1_216' title='bbox 206 2777 245 2820; x_wconf 91' lang='lat' dir='ltr'>an</span> <span class='ocrx_word' id='word_1_217' title='bbox 267 2759 350 2835; x_wconf 81' lang='lat' dir='ltr'>digni</span> <span class='ocrx_word' id='word_1_218' title='bbox 372 2761 433 2821; x_wconf 91' lang='lat' dir='ltr'>sint</span> <span class='ocrx_word' id='word_1_219' title='bbox 454 2763 564 2836; x_wconf 88' lang='lat' dir='ltr'>quibus</span> <span class='ocrx_word' id='word_1_220' title='bbox 586 2770 702 2838; x_wconf 90' lang='lat' dir='ltr'>partem</span> <span class='ocrx_word' id='word_1_221' title='bbox 723 2762 802 2822; x_wconf 89' lang='lat' dir='ltr'>vitae</span> <span class='ocrx_word' id='word_1_222' title='bbox 821 2767 945 2821; x_wconf 91' lang='lat' dir='ltr'>nostrae</span> <span class='ocrx_word' id='word_1_223' title='bbox 967 2758 1073 2834; x_wconf 91' lang='lat' dir='ltr'>inpen-</span> 
     </span>
     <span class='ocr_line' id='line_1_31' title="bbox 106 2845 1074 2921; baseline -0.002 -17"><span class='ocrx_word' id='word_1_224' title='bbox 106 2846 231 2919; x_wconf 91' lang='lat' dir='ltr'>damus,</span> <span class='ocrx_word' id='word_1_225' title='bbox 257 2861 296 2904; x_wconf 91' lang='lat' dir='ltr'>an</span> <span class='ocrx_word' id='word_1_226' title='bbox 322 2846 360 2904; x_wconf 89' lang='lat' dir='ltr'>ad</span> <span class='ocrx_word' id='word_1_227' title='bbox 381 2845 454 2905; x_wconf 64' lang='lat' dir='ltr'>&#39;illos</span> <span class='ocrx_word' id='word_1_228' title='bbox 476 2847 622 2921; x_wconf 88' lang='lat' dir='ltr'>temporis</span> <span class='ocrx_word' id='word_1_229' title='bbox 647 2846 742 2907; x_wconf 89' lang='lat' dir='ltr'>nostri</span> <span class='ocrx_word' id='word_1_230' title='bbox 767 2845 881 2905; x_wconf 90' lang='lat' dir='ltr'>iactura</span> <span class='ocrx_word' id='word_1_231' title='bbox 907 2845 1074 2919; x_wconf 89' lang='lat' dir='ltr'>perveniat.</span> 
     </span>
     <span class='ocr_line' id='line_1_32' title="bbox 106 2927 1105 3004; baseline 0.002 -15"><span class='ocrx_word' id='word_1_232' title='bbox 106 2930 229 3004; x_wconf 90' lang='lat' dir='ltr'>quidam</span> <span class='ocrx_word' id='word_1_233' title='bbox 251 2930 429 2990; x_wconf 84' lang='lat' dir='ltr'>enimultra</span> <span class='ocrx_word' id='word_1_234' title='bbox 452 2930 554 2990; x_wconf 89' lang='lat' dir='ltr'>ollicia</span> <span class='ocrx_word' id='word_1_235' title='bbox 576 2930 665 2990; x_wconf 87' lang='lat' dir='ltr'>nobis</span> <span class='ocrx_word' id='word_1_236' title='bbox 686 2937 791 2991; x_wconf 89' lang='lat' dir='ltr'>nostra</span> <span class='ocrx_word' id='word_1_237' title='bbox 807 2931 953 3004; x_wconf 89' lang='lat' dir='ltr'>inputant.</span> <span class='ocrx_word' id='word_1_238' title='bbox 981 2927 1105 2991; x_wconf 71' lang='lat' dir='ltr'>Athe-2</span> 
     </span>
     <span class='ocr_line' id='line_1_33' title="bbox 105 3012 1076 3090; baseline -0.001 -19"><span class='ocrx_word' id='word_1_239' title='bbox 105 3016 242 3075; x_wconf 91' lang='lat' dir='ltr'>nodorus</span> <span class='ocrx_word' id='word_1_240' title='bbox 264 3015 304 3073; x_wconf 90' lang='lat' dir='ltr'>ait</span> <span class='ocrx_word' id='word_1_241' title='bbox 324 3028 394 3085; x_wconf 91' lang='lat' dir='ltr'>„ne</span> <span class='ocrx_word' id='word_1_242' title='bbox 415 3015 461 3073; x_wconf 90' lang='lat' dir='ltr'>ad</span> <span class='ocrx_word' id='word_1_243' title='bbox 481 3029 638 3074; x_wconf 90' lang='lat' dir='ltr'>coenam</span> <span class='ocrx_word' id='word_1_244' title='bbox 654 3016 805 3090; x_wconf 90' lang='lat' dir='ltr'>quidem</span> <span class='ocrx_word' id='word_1_245' title='bbox 821 3012 1076 3073; x_wconf 87' lang='lat' dir='ltr'>sciturumad</span> 
     </span>
     <span class='ocr_line' id='line_1_34' title="bbox 105 3097 1073 3172; baseline -0.001 -16"><span class='ocrx_word' id='word_1_246' title='bbox 105 3113 201 3170; x_wconf 88' lang='lat' dir='ltr'>eum,</span> <span class='ocrx_word' id='word_1_247' title='bbox 228 3098 291 3172; x_wconf 92' lang='lat' dir='ltr'>qui</span> <span class='ocrx_word' id='word_1_248' title='bbox 314 3097 391 3156; x_wconf 88' lang='lat' dir='ltr'>sibi</span> <span class='ocrx_word' id='word_1_249' title='bbox 411 3098 465 3156; x_wconf 91' lang='lat' dir='ltr'>nil</span> <span class='ocrx_word' id='word_1_250' title='bbox 485 3114 552 3172; x_wconf 90' lang='lat' dir='ltr'>pro</span> <span class='ocrx_word' id='word_1_251' title='bbox 573 3097 864 3159; x_wconf 89' lang='lat' dir='ltr'>hoodebiturus</span> <span class='ocrx_word' id='word_1_252' title='bbox 881 3097 972 3158; x_wconf 84' lang='lat' dir='ltr'>sit“:</span> <span class='ocrx_word' id='word_1_253' title='bbox 1001 3101 1073 3170; x_wconf 92' lang='lat' dir='ltr'>puto</span> 
     </span>
     <span class='ocr_line' id='line_1_35' title="bbox 105 3181 1074 3256; baseline -0.001 -17"><span class='ocrx_word' id='word_1_254' title='bbox 105 3182 254 3256; x_wconf 83' lang='lat' dir='ltr'>intellegis</span> <span class='ocrx_word' id='word_1_255' title='bbox 269 3181 475 3242; x_wconf 91' lang='lat' dir='ltr'>multominus</span> <span class='ocrx_word' id='word_1_256' title='bbox 491 3183 531 3241; x_wconf 89' lang='lat' dir='ltr'>ad</span> <span class='ocrx_word' id='word_1_257' title='bbox 546 3197 600 3242; x_wconf 91' lang='lat' dir='ltr'>eos</span> <span class='ocrx_word' id='word_1_258' title='bbox 616 3183 741 3256; x_wconf 90' lang='lat' dir='ltr'>iturum,</span> <span class='ocrx_word' id='word_1_259' title='bbox 759 3183 810 3255; x_wconf 93' lang='lat' dir='ltr'>qui</span> <span class='ocrx_word' id='word_1_260' title='bbox 826 3198 893 3242; x_wconf 95' lang='lat' dir='ltr'>cum</span> <span class='ocrx_word' id='word_1_261' title='bbox 909 3181 1074 3241; x_wconf 92' lang='lat' dir='ltr'>amicorum</span> 
     </span>
     <span class='ocr_line' id='line_1_36' title="bbox 105 3263 1074 3341; baseline -0.003 -16"><span class='ocrx_word' id='word_1_262' title='bbox 105 3266 215 3326; x_wconf 80' lang='lat' dir='ltr'>ciliciis</span> <span class='ocrx_word' id='word_1_263' title='bbox 237 3264 322 3341; x_wconf 91' lang='lat' dir='ltr'>paria</span> <span class='ocrx_word' id='word_1_264' title='bbox 343 3281 449 3326; x_wconf 90' lang='lat' dir='ltr'>mensa</span> <span class='ocrx_word' id='word_1_265' title='bbox 466 3265 593 3339; x_wconf 88' lang='lat' dir='ltr'>iaciunt,</span> <span class='ocrx_word' id='word_1_266' title='bbox 615 3267 667 3341; x_wconf 94' lang='lat' dir='ltr'>qui</span> <span class='ocrx_word' id='word_1_267' title='bbox 688 3267 813 3325; x_wconf 91' lang='lat' dir='ltr'>lericula</span> <span class='ocrx_word' id='word_1_268' title='bbox 832 3282 887 3341; x_wconf 93' lang='lat' dir='ltr'>pro</span> <span class='ocrx_word' id='word_1_269' title='bbox 911 3263 1074 3338; x_wconf 82' lang='lat' dir='ltr'>congiariis</span> 
     </span>
     <span class='ocr_line' id='line_1_37' title="bbox 105 3348 1099 3425; baseline 0 -17"><span class='ocrx_word' id='word_1_270' title='bbox 105 3357 277 3422; x_wconf 87' lang='lat' dir='ltr'>numerant,</span> <span class='ocrx_word' id='word_1_271' title='bbox 299 3348 388 3425; x_wconf 91' lang='lat' dir='ltr'>quasi</span> <span class='ocrx_word' id='word_1_272' title='bbox 403 3350 432 3409; x_wconf 95' lang='lat' dir='ltr'>in</span> <span class='ocrx_word' id='word_1_273' title='bbox 451 3350 579 3409; x_wconf 89' lang='lat' dir='ltr'>alienum</span> <span class='ocrx_word' id='word_1_274' title='bbox 594 3349 740 3410; x_wconf 91' lang='lat' dir='ltr'>honorem</span> <span class='ocrx_word' id='word_1_275' title='bbox 755 3350 988 3424; x_wconf 89' lang='lat' dir='ltr'>intemperantes</span> <span class='ocrx_word' id='word_1_276' title='bbox 1005 3350 1074 3408; x_wconf 85' lang='lat' dir='ltr'>sint.</span> <span class='ocrx_word' id='word_1_277' title='bbox 1097 3396 1099 3400; x_wconf 14' lang='grc' dir='ltr'><em>Α</em></span> 
     </span>
     <span class='ocr_line' id='line_1_38' title="bbox 105 3433 1074 3509; baseline -0.002 -17"><span class='ocrx_word' id='word_1_278' title='bbox 105 3435 193 3493; x_wconf 89' lang='lat' dir='ltr'>derne</span> <span class='ocrx_word' id='word_1_279' title='bbox 215 3434 274 3493; x_wconf 92' lang='lat' dir='ltr'>illis</span> <span class='ocrx_word' id='word_1_280' title='bbox 296 3441 390 3494; x_wconf 91' lang='lat' dir='ltr'>testes</span> <span class='ocrx_word' id='word_1_281' title='bbox 406 3441 674 3509; x_wconf 83' lang='lat' dir='ltr'>spectatoresque:</span> <span class='ocrx_word' id='word_1_282' title='bbox 697 3449 757 3494; x_wconf 92' lang='lat' dir='ltr'>non</span> <span class='ocrx_word' id='word_1_283' title='bbox 783 3434 944 3493; x_wconf 90' lang='lat' dir='ltr'>delectabit</span> <span class='ocrx_word' id='word_1_284' title='bbox 960 3433 1074 3507; x_wconf 90' lang='lat' dir='ltr'>popina</span> 
     </span>
     <span class='ocr_line' id='line_1_39' title="bbox 105 3517 1100 3595; baseline -0.002 -19"><span class='ocrx_word' id='word_1_285' title='bbox 105 3525 232 3578; x_wconf 87' lang='lat' dir='ltr'>secreta.</span> <span class='ocrx_word' id='word_1_286' title='bbox 249 3517 276 3581; x_wconf 77' lang='lat' dir='ltr'>ss·</span> <span class='ocrx_word' id='word_1_287' title='bbox 284 3517 361 3578; x_wconf 85' lang='lat' dir='ltr'>Nihil</span> <span class='ocrx_word' id='word_1_288' title='bbox 376 3525 475 3578; x_wconf 89' lang='lat' dir='ltr'>tamen</span> <span class='ocrx_word' id='word_1_289' title='bbox 492 3535 590 3595; x_wconf 89' lang='lat' dir='ltr'>aeque</span> <span class='ocrx_word' id='word_1_290' title='bbox 606 3518 802 3578; x_wconf 87' lang='lat' dir='ltr'>oblectaverit</span> <span class='ocrx_word' id='word_1_291' title='bbox 817 3518 964 3593; x_wconf 90' lang='lat' dir='ltr'>animum,</span> <span class='ocrx_word' id='word_1_292' title='bbox 982 3519 1100 3592; x_wconf 82' lang='lat' dir='ltr'>quam3</span> 
     </span>
    </p>
   </div>
   <div class='ocr_carea' id='block_1_3' title="bbox 0 0 1224 3968">
    <p class='ocr_par' dir='ltr' id='par_1_4' title="bbox 0 0 1224 3968">
     <span class='ocr_line' id='line_1_40' title="bbox 0 0 1224 3968; baseline 0 0"><span class='ocrx_word' id='word_1_293' title='bbox 0 0 1224 3968; x_wconf 95' lang='lat' dir='ltr'> </span> 
     </span>
    </p>
   </div>
  </div>
 </body>
</html>
