2438 3968
200 220 261 282 106
491 220 525 280 L.
544 221 689 282 ANNAEI
711 220 885 281 SENECAE

197 373 282 433 altori
304 379 407 447 crepta
426 372 598 446 transferri,
627 372 734 432 eadem
756 371 981 435 adfectantibus
1001 388 1134 450 pugnas
1152 381 1180 438 et

197 457 296 532 iurgia
310 457 451 517 excitant.

169 552 181 601 t
257 541 376 601 XXXV.
398 539 611 616 Respondisse
625 540 677 599 tibi
694 556 816 601 servum
831 537 1002 614 indignaris
1021 541 1179 604 libertum

200 640 259 699 que
277 633 307 686 et
320 641 447 686 rtxorem
462 631 493 684 et
513 624 667 683 clientem:
689 624 800 684 deinde
814 624 893 683 idem
909 623 949 683 de
962 625 1133 699 republica
1146 625 1178 686 tr·-

181 766 183 770 ,
198 709 343 770 bertatem
358 709 506 770 sublatam
515 709 662 782 quereris,
679 706 859 782 quamdomi
873 707 1039 768 sustulisti.
1069 726 1178 773 rursus

166 804 183 854 2
197 793 223 852 si
237 794 332 854 tacuit
345 795 555 867 interrogatus
571 794 791 852 contumaciam
805 806 911 851 vocas.
931 791 971 852 Et
985 793 1138 868 loquatur
1150 801 1177 856 ct

197 884 295 937 taceat
315 886 345 939 ct
365 876 475 936 rideat:
510 892 612 937 coram
634 875 779 936 domino?
805 876 922 950 inquis:
958 876 1058 939 immo
1075 893 1176 941 coram

199 968 283 1036 patre
299 961 438 1021 familiae.
468 960 545 1033 Quid
561 961 695 1020 clamas?
712 959 785 1035 quid
800 959 1003 1020 vociferaris?
1028 962 1108 1038 quid
1124 960 1175 1025 ila

197 1046 276 1119 gella
290 1045 392 1104 media
405 1059 502 1104 coena
516 1044 604 1118 petis,
621 1044 706 1118 quod
719 1043 800 1104 servi
815 1045 989 1118 loquuntur,
1008 1047 1102 1122 quod
1118 1063 1176 1113 non

163 1142 181 1194 3
197 1128 305 1188 eodem
321 1131 390 1188 loco
406 1128 493 1187 turba
508 1128 666 1188 concionis
680 1135 736 1200 est,
752 1127 903 1189 silentium
917 1128 1102 1191 solitudinis
1109 1137 1128 1190 t·
1147 1132 1174 1192 io

197 1212 256 1273 hoc
269 1212 365 1272 habes
381 1227 480 1283 aures,
501 1219 533 1272 ut
547 1228 607 1271 non
622 1212 774 1272 modulata
787 1218 903 1273 tantum
923 1219 954 1280 et
967 1214 1081 1275 mollia
1095 1222 1127 1275 et
1140 1231 1174 1275 cx

197 1296 277 1356 dulci
288 1304 384 1357 tracta
392 1295 615 1371 conpositaque
626 1297 791 1369 accipiant:
814 1304 843 1356 et
851 1296 947 1355 risum
959 1296 1078 1361 audias
1086 1316 1173 1375 opor·

196 1387 238 1441 tet
253 1389 283 1441 et
299 1379 412 1451 fletum,
429 1387 460 1440 et
473 1380 634 1440 blanditias
649 1386 679 1439 et
693 1380 769 1453 lites,
791 1388 820 1438 et
839 1395 992 1455 prospera
1014 1389 1050 1443 et
1070 1385 1171 1456 tristia,

195 1473 225 1524 et
238 1464 392 1527 hominum
407 1481 500 1526 voces
508 1473 538 1525 ct
545 1465 679 1525 fremitus
687 1463 858 1523 animalium
872 1464 1082 1540 latratusque.
1099 1467 1171 1542 prid
1211 1468 1213 1473 ’

194 1551 288 1610 miser
303 1550 486 1624 expavescis
508 1549 548 1609 ad
569 1551 731 1608 clamorem
750 1548 842 1620 servi,
862 1547 902 1607 ad
924 1548 1073 1611 tinnitum
1095 1551 1172 1612 aeris

195 1641 246 1693 aut
260 1635 369 1694 ianuae
390 1634 564 1708 inpulsum?
591 1649 657 1692 curn
672 1639 732 1691 tan]
748 1632 895 1691 delicatus
910 1632 1019 1706 iueriS,
1042 1636 1171 1697 tonitrua

162 1722 179 1775 t
194 1716 346 1775 audienda
361 1726 441 1777 sunt
468 1717 626 1791 Hocquod
641 1716 680 1776 de
694 1715 818 1775 auribus
833 1716 946 1775 dictum
962 1723 1021 1790 est,
1039 1721 1170 1781 uansier

196 1800 237 1858 ad
252 1801 368 1874 oculos,
385 1802 436 1874 qui
452 1816 512 1860 non
527 1801 627 1860 minus
643 1799 764 1860 fastidio
779 1798 926 1871 laborant,
942 1799 968 1858 si
984 1803 1073 1863 male
1090 1803 1169 1865 insti

194 1884 248 1943 tuti
264 1892 348 1943 sunt:
369 1884 487 1943 macula
502 1881 695 1944 offenduntur
715 1891 745 1943 et
759 1884 903 1945 sordibus
918 1891 948 1943 et
970 1894 1108 1959 argento
1124 1904 1169 1964 pa·

163 1975 260 2025 arum
282 1967 442 2040 splendido
461 1975 490 2026 et
510 1974 618 2041 stagno
640 1985 699 2028 non
720 1968 760 2028 ad
780 1969 878 2028 solum
900 1968 1096 2042 perlucente.
1137 1969 1168 2031 lli

194 2066 305 2124 nempe
322 2051 409 2121 oculi,
432 2051 482 2125 qui
498 2067 557 2110 non
573 2052 672 2113 lerunt
691 2052 749 2112 nisi
765 2053 879 2111 varium
900 2066 935 2110 ac
955 2055 1082 2117 recenti
1103 2071 1169 2117 curt

194 2133 293 2194 nitens
309 2151 449 2206 marmor,
465 2136 516 2209 qui
532 2151 667 2196 mensam
682 2136 740 2196 nisi
755 2135 869 2196 crebris
884 2133 1064 2198 distinctam
1077 2140 1166 2212 venis,

196 2219 247 2294 qui
263 2220 370 2279 nolunt
384 2219 464 2279 domi
479 2219 536 2279 nisi
552 2236 625 2279 auro
642 2221 822 2294 pretiosiora
840 2219 959 2293 calcant,
973 2224 1167 2296 aequissimo

121 2340 127 2379 ¹3
194 2303 294 2365 aninlo
310 2303 385 2363 loris
397 2311 426 2362 et
437 2304 563 2363 scabras
575 2305 754 2379 lutosasque
766 2304 889 2364 semitas
901 2311 1048 2376 spectant
1064 2315 1097 2368 et
1111 2323 1166 2369 me

192 2388 288 2448 iorem
304 2395 419 2462 partem
433 2388 635 2448 ocurrentium
650 2388 829 2462 squalidam,
845 2387 979 2462 parietes
993 2386 1168 2459 insulamn

119 2464 127 2497 ²
193 2487 315 2545 exesos,
330 2473 471 2542 rimos0s‚
488 2471 676 2547 inaequales.
720 2472 798 2546 Quid
812 2488 885 2546 ergo
900 2471 982 2532 aliud
997 2481 1059 2550 est,
1085 2474 1166 2552 quod

119 2623 121 2626 Α
191 2555 260 2616 illos
275 2558 305 2616 in
327 2557 450 2631 publico
467 2572 527 2615 non
543 2555 686 2626 offendat,
709 2556 790 2615 domi
805 2563 933 2628 moveat
949 2572 1046 2629 quam
1063 2560 1165 2635 opinio

192 2640 251 2699 illic
266 2657 365 2715 aequa
380 2648 409 2699 et
424 2640 550 2714 patiens
567 2640 648 2699 domi
660 2656 782 2700 morosa
797 2648 827 2700 et
842 2641 988 2714 quemlat

160 2729 174 2779 1
252 2722 385 2782 XXXVI.
402 2723 513 2784 Omnes
521 2739 632 2784 sensus
643 2723 832 2799 perducendi
847 2731 917 2784 sunt
928 2724 967 2784 ad
978 2723 1164 2789 firmitatem.

191 2815 298 2866 natura
314 2808 461 2882 patientes
477 2815 556 2880 sunt,
577 2807 605 2867 si
619 2809 736 2867 animus
756 2807 825 2867 illos
847 2807 936 2868 desiit
952 2823 1164 2886 corrumpere,

192 2891 243 2964 qui
259 2891 368 2952 cotidie
382 2892 422 2951 ad
436 2890 582 2952 rationem
597 2891 782 2952 reddendam
798 2892 956 2952 vocandus
971 2901 1032 2954 est.
1060 2894 1162 2963 Facie

190 2973 241 3035 bat
258 2974 318 3035 hoc
333 2974 465 3047 Sextius,
488 2983 520 3036 ut
537 2985 744 3037 consummato
760 2977 817 3049 die,
841 2991 908 3035 curn
925 2991 960 3036 se
980 2977 1026 3039 ad
1040 2989 1164 3045 noctur·

191 3074 259 3117 narn
273 3060 402 3134 quietem
416 3059 594 3133 recepisset
606 3061 804 3135 interrogaret
810 3061 942 3120 animum
954 3075 1064 3122 suum:
1081 3063 1165 3140 quod

190 3141 281 3202 hodie
296 3144 406 3202 malum
420 3151 503 3204 tuunr
519 3145 655 3204 sanasti?
674 3146 722 3204 cui
737 3144 808 3204 vitio
821 3143 981 3205 otsdtisu't
996 3163 1064 3222 qua
1079 3157 1165 3225 parta

157 3225 294 3285 amolior
306 3234 361 3285 cst
395 3227 520 3287 Desinet
534 3228 579 3287 ira
593 3236 622 3288 et
637 3228 819 3289 moderatior
832 3227 897 3301 erit,
913 3243 992 3304 quae
1008 3232 1094 3295 sciet
1108 3231 1163 3299 siti

190 3307 301 3368 cotidie
316 3309 355 3367 ad
370 3309 497 3370 iudicem
514 3328 585 3371 esse
599 3312 790 3372 veniendum.
823 3314 986 3388 quicquam
1002 3329 1083 3392 ergo
1103 3319 1164 3395 pul·

190 3390 292 3450 chrius
308 3392 364 3451 hac
380 3396 600 3456 consuetudine
615 3395 786 3456 excutiendi
800 3403 895 3457 totum
910 3397 1014 3457 diem?
1060 3402 1165 3478 Qualis

188 3475 238 3535 ille
253 3491 379 3537 somnus
390 3485 462 3552 post
475 3480 710 3554 recognitionem
724 3481 771 3540 sui
783 3481 939 3557 sequitur?
974 3498 1072 3557 quam
1086 3497 1164 3551 tran·

154 3656 299 3736 A
