2438 3968
170 271 426 332 AD‘MARCIAM
447 271 497 330 DE
520 269 820 333 CONSOLATIONE.
841 280 926 337 4-7.
973 270 1033 336 117

60 424 184 484 liorrida
210 422 263 495 sit,
292 421 436 497 quicquid
463 430 551 496 potes
574 423 725 497 congeris.
758 424 815 494 Ne,
842 424 971 485 obsecro
993 431 1061 494 tc,5

62 507 254 581 concupieris
278 504 540 581 perversissimam
557 506 683 580 gloriam
704 506 913 568 infelicissima
924 509 1032 568 videri.

61 592 151 652 simul
173 590 273 666 cogita
293 605 353 650 non
375 605 447 650 esse
466 605 607 664 magnum
630 591 724 651 rebus
745 593 903 666 prosperis
925 594 1032 652 sortem

59 691 95 736 se
110 690 230 750 gerere,
252 674 303 735 ubi
318 673 455 734 secundo
471 689 562 734 cursu
576 673 636 733 vita
652 674 799 749 procedit.
826 690 865 734 ae
883 677 1033 750 guberna·

60 758 135 819 toris
156 758 278 834 quidem
300 765 395 817 artem
414 758 606 833 tranquillum
628 774 711 818 mare
726 765 754 817 ct
770 759 945 832 obsequens
962 775 1032 818 ven·

58 852 107 903 tas
124 842 270 902 ostenditz
292 841 415 903 adversi
435 842 548 917 aliquid
563 843 696 902 incurrat
710 849 845 917 oportet,
870 843 952 917 quod
969 842 1032 902 ani-

59 943 141 986 muar
159 925 276 1000 probet.
302 926 433 986 Proinde
447 942 485 986 ne
499 925 679 986 submiseris
694 933 732 1000 te,
748 927 837 987 immo
854 934 959 988 contra
974 927 1061 1002 fige6

60 1010 199 1070 stabilem
222 1011 348 1084 gradum
370 1017 400 1070 et
420 1010 565 1084 quicquid
593 1026 719 1071 onerum
740 1027 835 1086 supra
853 1010 962 1071 cecidit
983 1027 1033 1071 sa·

60 1095 156 1165 stiae,
172 1093 269 1167 primo
285 1094 441 1155 dumtaxat
455 1095 581 1169 strepitu
597 1093 769 1155 conterrita.
794 1096 875 1155 nulla
889 1111 923 1154 re
939 1096 1035 1156 maior

59 1176 175 1237 invidia
189 1179 326 1238 fortunae
341 1179 375 1238 iit
389 1195 479 1252 quam
495 1193 594 1253 aequo
607 1179 738 1239 animo.“
759 1178 832 1239 Post
842 1180 919 1239 haec
932 1187 1033 1239 osten-

61 1263 106 1321 dit
119 1260 162 1322 illi
177 1261 270 1321 iillum
285 1261 477 1335 incolumem,
493 1262 626 1323 ostendit
640 1279 679 1321 ex
693 1263 807 1323 amisso
825 1271 964 1338 nepotes.

104 1345 155 1404 vt.
182 1345 275 1405 Tuum
298 1346 371 1419 illic,
397 1346 526 1418 Marcia,
554 1348 707 1420 negotium
726 1355 840 1419 actum,
867 1347 920 1407 tibi
934 1349 1061 1410 Areusl

61 1429 190 1491 adsedit.
223 1438 306 1490 mata
330 1446 509 1504 personam:
531 1438 561 1491 tc
581 1430 758 1491 consolatus
779 1438 835 1490 est.
868 1428 931 1489 Sed
951 1437 1033 1504 puta,

60 1513 189 1586 Marcia,
210 1520 347 1587 ereptam
367 1514 420 1574 tibi
441 1514 572 1588 amplius
595 1531 685 1589 quam
706 1515 768 1574 ulla
782 1529 925 1589 umquam
940 1521 1034 1573 mater

61 1596 205 1658 amiserit.
244 1613 304 1657 noa
336 1598 510 1672 permulceo
536 1605 565 1658 te
595 1613 653 1658 aec
678 1606 810 1659 extenuo
836 1597 1034 1658 calamitatem

60 1691 159 1742 tuam:
181 1681 207 1739 si
228 1679 350 1742 fletibus
372 1682 433 1741 iata
447 1682 621 1754 vincuntur,
641 1682 842 1742 conseramus.
873 1689 921 1740 eat
935 1679 1063 1746 omnisa

60 1767 140 1824 inter
160 1764 259 1824 luctus
280 1764 357 1824 dies.
390 1772 510 1827 noctem
527 1766 594 1826 sine
608 1781 717 1827 somno
731 1767 851 1826 tristitia
866 1774 1033 1825 consumat.

61 1851 238 1922 ingerantur
262 1850 394 1911 lacerato
422 1848 538 1924 pectori
562 1865 669 1910 manas
695 1855 725 1910 et
748 1850 778 1908 in
804 1849 903 1924 ipsam
927 1849 1035 1908 laciem

61 1935 185 2005 inpetus
206 1932 259 1993 ilat
279 1940 371 2009 atque
392 1933 472 1994 omni
495 1949 530 1993 se
551 1949 664 2008 genere
682 1934 827 1994 saevitiae
843 1934 1034 2009 prolecturus

61 2031 185 2077 moeror
199 2025 353 2077 exerceam
376 2017 432 2079 sed
453 2017 479 2077 si
500 2018 590 2078 nullis
605 2018 776 2093 planctibus
791 2019 933 2078 defuncta
946 2032 1034 2076 revo-

63 2107 184 2172 cantur,
205 2100 231 2160 si
252 2116 322 2162 sors
339 2101 452 2163 inmota
473 2109 504 2161 et
522 2103 552 2160 in
573 2109 727 2162 aeternum
741 2102 804 2162 lixa
817 2104 899 2163 nulla
914 2101 1035 2162 miseria

62 2190 193 2246 mutatur
214 2192 245 2245 et
266 2201 349 2247 mors
369 2186 467 2246 renuit
488 2186 633 2260 quicquid
648 2185 786 2260 abstulit,
809 2186 929 2247 desinat
949 2186 1037 2245 dolor

64 2268 117 2345 qui
138 2269 224 2344 perit.
257 2270 356 2343 Quare
376 2285 518 2344 regamur
538 2286 594 2329 nec
615 2285 672 2330 nos
694 2271 752 2330 ista
772 2270 820 2330 vis
840 2275 1064 2330 transversos-⁹2

63 2353 188 2420 auferat.
216 2354 313 2428 turpis
329 2362 376 2415 est
391 2354 501 2428 navigii
515 2362 624 2426 rector,
642 2355 690 2414 cai
705 2354 909 2428 gubernacula
924 2351 1036 2412 fluctus

63 2435 188 2511 eripuit,
212 2436 264 2511 qui
286 2436 433 2498 fluitantia
453 2439 521 2496 vela
537 2438 685 2512 deseruit,
712 2438 847 2511 permisit
864 2435 1035 2510 tempestati

44 2529 174 2583 ratem:
203 2531 233 2580 at
256 2521 307 2580 ille
330 2522 377 2580 vel
398 2522 428 2581 in
449 2522 606 2596 naufragio
628 2522 799 2582 laudandus
825 2536 914 2596 quem
937 2518 1038 2579 obruit

64 2605 172 2681 [marc]
188 2621 297 2663 navem
312 2612 464 2666 tenentem
479 2613 508 2665 et
523 2605 676 2665 obnixum.

127 2688 193 2749 Vll.
212 2692 283 2760 „Aa
303 2690 401 2748 enim
422 2691 599 2749 naturale
620 2689 860 2751 desiderium
882 2697 1062 2751 suoruml

63 2777 153 2834 est.“
177 2771 251 2847 Quis
265 2780 370 2847 negat,
387 2771 531 2848 quamdiu
546 2773 698 2835 modicum
713 2780 778 2834 est?
800 2790 867 2833 nam
885 2773 1035 2844 discessu,

62 2873 125 2918 non
148 2857 247 2916 solum
268 2856 432 2917 amissione
454 2857 678 2918 carissimorum
698 2858 892 2918 necessarius
913 2872 1035 2916 morsus

63 2949 112 3002 est
128 2948 157 3000 et
171 2941 411 3002 firmissimorum
428 2957 552 3015 quoque
572 2940 740 3002 animorum
756 2940 932 3002 contractio.
966 2939 1036 2999 sed

63 3026 152 3101 plus
174 3034 232 3085 est
253 3026 353 3099 quod
376 3025 509 3099 opinio
525 3025 769 3100 adicitquam
785 3026 884 3100 quod
900 3031 1036 3084 natura

62 3107 278 3184 imperavit.
305 3109 443 3184 Adspice
463 3117 613 3170 mutorum
633 3111 806 3170 animalium
829 3126 919 3185 quam
935 3106 1067 3173 conci-a

64 3201 129 3254 tata
142 3192 203 3253 sint
223 3193 377 3254 desideria
391 3200 421 3252 et
436 3199 535 3252 tamen
552 3209 641 3268 quam
656 3194 770 3254 brevia.
800 3208 959 3253 vaccarum
976 3206 1035 3251 uno

63 3278 115 3339 die
131 3277 265 3338 alterove
280 3278 411 3352 mugitus
427 3277 557 3350 auditur,
579 3293 636 3337 nec
651 3277 763 3339 diutius
779 3293 925 3352 equarum
941 3291 1038 3352 vagus

63 3362 115 3423 ille
138 3375 305 3436 amensque
326 3363 484 3423 discursus
506 3368 561 3422 est
593 3363 675 3421 ferae
697 3377 765 3422 cam
779 3363 908 3436 vestigia
923 3359 1037 3421 catulo·

63 3461 133 3506 rum
154 3453 346 3506 consectatae
367 3452 439 3507 sunt
461 3454 493 3507 et
513 3446 606 3505 silvas
628 3453 825 3521 pervagatae,
853 3461 920 3506 cum
943 3459 1039 3518 saepe

64 3531 104 3591 ad
121 3528 232 3589 cubilia
246 3530 379 3606 expilata
393 3529 551 3604 redierint,
574 3528 687 3589 rabiem
709 3530 787 3591 intra
802 3529 946 3604 exiguum
963 3534 1036 3587 tem-
