2438 3968
266 254 317 315 DE
340 253 557 314 CLEMENTIA
578 255 648 313 LIB.
661 254 683 312 1.
709 262 838 316 14-17.
971 251 1032 316 291

65 403 148 464 bavit
172 403 332 478 gratuitam
356 420 426 464 esse
452 405 641 465 severitatem
668 419 770 477 suam,
801 405 883 477 quod
903 404 1033 482 principi

66 502 188 562 semper
210 489 375 548 curandum
396 495 455 559 est,
477 487 552 546 dixit
565 488 761 562 relegandum
779 503 839 562 quo
856 488 933 561 patri
948 488 1032 549 vidc-

10 648 13 652 ,
64 576 157 630 retur.
191 571 258 631 Non
278 571 413 643 culeum,
437 588 497 631 non
520 578 693 646 serpentes,
723 587 784 631 non
806 585 958 631 carcerem
980 571 1060 633 dei

66 654 161 716 crevit
181 669 295 714 memor
316 671 376 715 non
400 654 515 729 dequo
538 660 689 727 censeret,
715 654 771 714 sed
787 653 836 714 cui
857 654 887 712 in
903 653 1030 715 consilio

65 745 158 799 esset.
179 737 357 798 mollissimo
379 753 491 812 genere
508 753 626 812 poenae
641 744 815 799 contentum
831 753 903 798 esse
919 735 1031 797 debere

65 829 179 895 patrem
190 822 266 882 dixit
279 823 309 882 in
325 819 387 881 lilio
403 821 641 895 adulescentulo,
655 822 777 898 inpulso
793 822 822 881 in
835 821 866 881 id
875 823 986 893 scelus,
1000 820 1029 880 in

66 921 126 979 quc
138 921 183 978 se,
199 906 281 979 quod
294 904 466 980 proximum
477 912 542 965 erat
553 906 591 965 ab
603 906 790 979 innocentia,
801 905 905 966 timide
916 904 1031 979 gessis-

65 995 120 1048 set.
141 989 254 1048 debere
266 989 348 1047 illum
362 986 400 1046 ab
414 987 490 1048 urbe
507 996 537 1048 et
552 1006 570 1049 a
586 988 719 1064 parentIs
736 990 833 1049 oculis
845 987 1030 1049 submoveri.

124 1072 203 1131 XVI.
226 1070 249 1131 Ο
262 1070 384 1146 dignum
398 1087 488 1146 quem
502 1072 531 1132 in
544 1072 702 1135 consilium
715 1081 818 1148 patres
831 1073 1029 1132 advocarent!
1043 1087 1058 1138 1

64 1155 224 1229 odignum
245 1171 335 1229 quem
356 1155 537 1216 coheredem
559 1157 768 1218 innocentibus
790 1155 893 1216 liberis
917 1155 1030 1216 scribe-

62 1245 144 1299 rent!
181 1239 265 1298 Haec
287 1239 444 1300 clementia
465 1240 632 1316 principem
653 1240 755 1313 decet,
772 1245 816 1299 ut
837 1255 1030 1314 quocumque

62 1321 193 1393 venerit,
213 1322 418 1383 mansuetiora
438 1325 540 1383 omnia
560 1325 659 1383 iaciat.
696 1323 790 1383 Nemo
807 1324 871 1398 regi
887 1331 948 1383 tam
960 1322 1029 1382 vilis

62 1407 115 1478 sit,
139 1413 171 1467 ut
191 1404 274 1465 illum
295 1405 394 1481 perire
416 1423 475 1466 non
495 1408 619 1481 sentiat,
641 1406 874 1482 qualiscumque
889 1422 961 1482 pars
975 1406 1030 1466 im-

63 1486 141 1565 perii
160 1495 216 1549 est.
249 1489 283 1549 ln
305 1505 415 1564 magno
436 1490 561 1565 imperio
582 1507 621 1560 ex
641 1491 806 1551 minoribus
822 1499 961 1565 petamus
976 1503 1058 1557 err-a

62 1573 204 1649 emplum.
231 1589 292 1633 non
314 1581 362 1634 est
382 1591 475 1634 unum
489 1575 658 1650 imperandi
672 1589 786 1649 genus:
805 1572 935 1647 imperat
948 1573 1027 1649 prin-

63 1672 137 1732 ceps
153 1656 271 1718 civibus
287 1656 369 1729 suis,
388 1664 475 1732 pater
490 1657 608 1730 liberis,
633 1665 815 1732 praeceptor
830 1656 1028 1730 discentibus,

62 1741 200 1802 tribunus
221 1743 269 1802 vel
291 1741 426 1802 centurio
449 1741 600 1801 militibus.
638 1741 746 1802 Nonne
767 1741 921 1815 pessimus
944 1747 1030 1816 patcr

63 1824 220 1897 videbitur,
242 1825 295 1899 qui
311 1825 449 1885 adsiduis
465 1826 563 1900 plagis
579 1827 690 1886 liberos
706 1825 795 1884 etiam
810 1840 849 1884 ex
864 1823 1027 1885 levissimis

64 1908 164 1969 causis
180 1915 369 1984 conpcsoett
389 1909 463 1970 Uter
474 1915 571 1969 autam
586 1915 767 1984 praeceptor
778 1908 953 1968 liberalibus
966 1915 1057 1970 stu-3

63 1992 121 2053 diis
143 1992 277 2067 dignior,
306 1993 357 2068 qui
378 1992 604 2053 excarnificabit
626 1992 808 2067 discipulos,
836 1991 863 2052 si
884 1993 1029 2053 memoria

62 2075 121 2136 illis
141 2093 203 2137 non
220 2077 387 2138 constiterit
401 2083 452 2137 aut
466 2075 492 2136 si
509 2093 613 2151 parum
629 2076 714 2150 agilis
729 2077 758 2136 in
774 2076 904 2150 legendo
920 2076 1027 2136 oculus

62 2157 208 2236 haeserit,
236 2178 274 2222 an
295 2160 347 2236 qui
366 2159 582 2222 monitionibus
603 2170 632 2221 et
656 2159 841 2220 verecundia
865 2159 1028 2218 emendare

63 2259 99 2302 oc
114 2245 226 2304 docere
239 2245 342 2306 malit?
370 2244 533 2306 Tribunum
548 2244 817 2318 centurionemque
832 2243 871 2301 da
885 2258 1026 2302 saevum:

63 2327 237 2389 desertores
252 2329 355 2400 faciet,
374 2328 485 2404 quibus
497 2337 595 2389 tamen
606 2325 782 2402 ignoscitur.
804 2325 1054 2401 Numquidnamt

62 2425 193 2486 aequum
207 2416 256 2471 est
269 2413 392 2487 gravius
408 2412 520 2472 homini
536 2419 566 2471 et
579 2410 682 2470 dumus
698 2410 854 2485 imperari,
871 2425 962 2485 quam
971 2408 1024 2468 im-

63 2501 186 2569 peratur
199 2493 378 2554 animalibus
393 2496 504 2555 mutis?
525 2493 609 2568 atqui
625 2510 735 2569 equum
750 2508 811 2552 non
828 2492 942 2553 crebris
957 2507 1024 2553 ver-

60 2578 184 2639 beribus
198 2584 331 2638 exterret
345 2579 487 2638 domandi
501 2578 615 2652 peritus
631 2578 781 2652 magister.
805 2576 857 2637 fiet
870 2577 950 2636 enim
964 2577 1024 2636 lor·

61 2661 231 2723 midolosus
253 2668 283 2720 et
302 2669 478 2734 contumax,
501 2660 559 2721 nisi
578 2677 647 2721 eum
667 2659 840 2721 bundiente
860 2667 941 2721 tactu
955 2675 1024 2735 per-

61 2746 210 2805 mulseris.
245 2745 329 2805 Idem
354 2745 426 2805 lacit
449 2752 593 2817 venator,
622 2745 735 2820 quique
758 2743 885 2805 instituit
909 2744 1053 2804 catulost

60 2829 188 2903 vestigia
208 2829 310 2903 sequi,
333 2827 447 2904 quique
467 2829 525 2889 iam
540 2829 712 2889 exercitans
727 2828 820 2889 utitur
835 2829 874 2888 ad
889 2827 1023 2888 excitan-

61 2912 118 2972 das
142 2915 190 2972 vel
214 2913 448 2988 persequendas
471 2913 561 2974 ieras.
595 2928 651 2972 nec
674 2911 781 2973 erebro
800 2909 860 2972 illis
879 2912 1023 2972 minatur:

59 2997 225 3057 contundet
239 2996 318 3056 enim
332 2997 450 3058 animos
464 3005 495 3058 et
506 2997 650 3073 quicquid
661 3005 709 3056 est
717 2995 827 3057 indolis
841 2996 1011 3056 comminue

59 3087 107 3140 tur
125 3080 326 3156 trepidatione
347 3080 505 3156 degeneri,
527 3097 585 3142 nec
605 3081 755 3140 licentiam
775 3078 907 3152 vagandi
922 3094 1023 3139 erran-

59 3164 152 3237 dique
167 3165 283 3239 passim
299 3166 447 3246 concedit
482 3165 606 3224 Adicias
617 3164 665 3224 his
676 3165 745 3225 licet
755 3162 888 3222 tardiora
900 3169 1023 3237 agentes

57 3246 199 3308 iumenta.
228 3264 306 3324 quae
322 3264 389 3309 cum
404 3249 444 3308 ad
459 3248 656 3309 contumelias
672 3255 702 3308 et
714 3243 853 3307 miserias
869 3253 939 3306 nata
952 3245 1021 3319 sint,

58 3332 150 3392 nimio
164 3331 291 3392 saevitia
305 3339 452 3406 cogantur
466 3332 570 3407 iugum
584 3333 760 3393 detrectare.

120 3417 213 3476 XVll.
237 3417 357 3477 Nullum
377 3417 488 3476 animal
508 3416 660 3477 morosius
681 3422 746 3488 est,
774 3417 888 3475 nullum
908 3411 1048 3474 maiorer·

57 3508 121 3561 arte
141 3502 329 3560 tractandum
353 3517 442 3576 quarn
468 3500 570 3561 homo.
604 3499 676 3560 nulli
701 3497 798 3574 magis
824 3496 1022 3614 parcendum.

807 3590 842 3643 lii
