2438 3968
234 245 284 302 DE
304 244 636 318 TannotdttlTnTE
657 246 776 305 ANlllll.
808 259 830 308 l.
978 243 1040 310 173

61 415 185 476 quoque
201 399 336 458 velocior
352 399 475 457 domurn
490 400 603 472 gradus
620 405 681 469 est,
700 401 801 472 placet
815 400 892 459 intra
906 399 1040 475 parietes

60 500 136 544 suos
161 485 253 541 vitarn
279 498 432 542 coercere.
465 498 574 556 „nemo
602 483 693 541 ullum
720 483 838 541 auferat
862 483 940 543 diem
967 483 1039 545 nihil

61 569 185 641 dignum
202 573 283 625 tanto
299 565 445 640 inpendio
461 565 646 625 redditurus.
676 565 735 625 sibi
750 567 818 640 ipse
832 569 952 626 animus
967 567 1039 627 hae·

60 659 140 723 reat,
165 665 200 709 se
227 651 322 724 eolat,
353 649 425 708 nihil
454 649 545 710 alieni
571 656 654 724 agat,
680 649 752 708 nihil
782 651 864 724 quod
894 650 931 709 ad
962 652 1050 712 iudi-¹

62 751 128 794 cern
158 740 284 808 spectet.
322 741 439 793 ametur
467 735 579 809 expers
608 733 749 808 publicae
775 733 972 808 privataeque
988 750 1039 794 ou-

60 835 114 878 rae
135 816 368 892 tranquillitas.“
397 817 460 878 Sed
480 818 532 876 ubi
551 818 640 878 lectio
662 817 769 878 lorti0r
785 818 886 876 ¹eremit
907 819 1039 879 animum
1048 831 1082 883 12

62 911 93 962 et
107 903 231 962 aculeos
247 901 449 960 subdiderunt
462 902 602 975 exempla
615 901 742 974 nobilia,
763 903 905 976 prosilire
920 901 994 962 libet
1009 902 1039 960 in

63 989 176 1058 lorum,
199 985 392 1044 commodare
414 986 499 1045 alteri
516 1000 638 1056 vocem,
659 984 744 1045 alteri
760 1001 900 1061 operam,
922 985 1040 1046 etiamsi

62 1071 136 1130 nihil
161 1070 363 1143 profuturam,
389 1075 488 1128 tamen
516 1076 691 1128 conaturam
717 1071 885 1144 prodesse,
911 1069 1039 1130 alicuius

63 1169 207 1215 coercere
222 1152 252 1212 in
268 1155 334 1213 loro
350 1153 524 1226 superbiam
539 1154 616 1212 male
631 1153 775 1213 secundis
790 1152 883 1214 rebus
899 1153 978 1213 elati.
1007 1153 1040 1211 ln
1049 1165 1081 1218 13

63 1236 171 1299 studiis
187 1244 260 1312 puto
280 1237 468 1296 mehercules
485 1236 593 1295 melius
614 1252 686 1296 esse
705 1253 755 1296 res
777 1238 861 1312 ipsas
883 1237 991 1299 intueri
1011 1243 1041 1295 et

63 1323 168 1382 harum
192 1337 286 1381 causa
307 1320 404 1395 loqui,
431 1327 563 1379 ceterum
576 1319 671 1379 verba
689 1321 782 1380 rebus
799 1321 986 1396 permittere,
1008 1328 1041 1380 ut

65 1423 126 1481 qua
152 1405 307 1477 duxerint,
333 1404 390 1463 hae
416 1404 604 1463 inelaborata
628 1412 776 1478 sequatur
800 1404 906 1465 oratio.
938 1402 1039 1478 „quid

63 1506 143 1565 opus
159 1497 206 1548 est
220 1489 333 1548 seculis
348 1489 491 1547 duratura
507 1494 703 1562 conponeret
717 1487 764 1548 vis
778 1494 810 1547 tu
822 1504 883 1547 non
894 1489 926 1549 id
936 1502 1037 1562 egere,

64 1589 102 1632 ne
116 1580 145 1632 te
160 1571 276 1647 posteri
290 1578 427 1630 uocant?
448 1572 536 1629 morti
552 1578 640 1631 natus
656 1586 700 1630 es.
723 1570 821 1631 minus
833 1572 1039 1632 molestiarum

63 1657 154 1715 habet
174 1657 264 1715 lunus
285 1655 417 1714 tacitum.
453 1657 555 1729 itaque
576 1655 747 1728 occupandi
768 1657 913 1730 temporis
934 1670 1038 1727 causa,

64 1742 93 1799 in
109 1757 197 1798 usum
218 1747 318 1812 tuum,
339 1739 450 1799 nonin
472 1737 669 1812 praeconium
689 1738 804 1814 aliquid
825 1738 954 1814 simplici
968 1739 1038 1799 stilo

64 1822 174 1883 scribe.
205 1824 322 1882 minore
347 1822 451 1882 labore
477 1838 556 1896 opus
583 1828 629 1882 est
654 1821 846 1883 studentibus
871 1824 902 1882 in
928 1823 1039 1883 diemr‘

63 1910 182 1968 Rursus
197 1907 248 1967 ubi
266 1923 300 1966 se
324 1906 443 1969 animus
465 1906 678 1980 cogitationum
694 1908 900 1982 magnitudine
920 1906 1039 1978 levavit,
1048 1912 1080 1964 14

63 1992 242 2051 ambitiosus
269 1990 298 2049 in
323 1990 418 2049 verba
440 1998 486 2049 est
511 1990 662 2065 altiusque
684 1998 718 2049 ut
737 1992 855 2066 spirare
875 1993 916 2051 ita
936 1988 1039 2064 eloqui

63 2077 155 2150 gestit
178 2084 209 2134 et
233 2075 273 2133 ad
299 2073 474 2149 dignitatem
498 2089 599 2133 rerum
625 2074 687 2132 exit
708 2076 813 2136 oratio.
845 2074 956 2135 oblitus
976 2081 1039 2132 tum

64 2157 139 2234 legis
156 2156 384 2234 pressiorisque
405 2156 507 2217 iudicii
522 2158 681 2217 sublimius
697 2160 823 2220 tereret
837 2175 890 2220 ore
905 2159 964 2217 iarn
978 2173 1039 2216 non

65 2259 143 2303 meo.
172 2243 217 2301 Ne
240 2242 362 2316 singula
382 2236 493 2300 diutius
515 2257 697 2316 persequar,
724 2243 753 2301 in
780 2243 920 2303 omnibus
945 2241 1038 2300 rebus
1048 2247 1079 2298 15

64 2327 140 2386 haee
161 2343 209 2384 me
230 2327 368 2401 seqnitur
389 2327 488 2385 bonae
509 2325 616 2384 mentis
637 2326 804 2386 infirmitas.
836 2326 884 2385 eui
904 2340 944 2383 ne
965 2339 1038 2398 pau-

65 2409 145 2470 latim
160 2406 293 2469 defluant
306 2425 430 2482 vercor,
450 2417 501 2468 aut
516 2409 600 2483 quod
615 2415 664 2469 est
677 2409 850 2482 sollicitius,
865 2425 906 2468 ne
918 2422 1040 2482 semper

65 2510 176 2554 casuro
197 2493 303 2552 similis
325 2494 474 2568 pendeam
497 2500 526 2551 et
546 2493 616 2566 plus
637 2493 768 2552 tortasse
789 2493 829 2552 sit
849 2505 938 2566 quarn
955 2491 1039 2565 quod

66 2579 133 2653 ipse
150 2575 304 2651 pervideo.
332 2575 516 2637 familiariter
530 2577 608 2635 enim
624 2577 792 2635 domestica
806 2576 994 2651 adspicimus
1009 2581 1039 2634 et

66 2676 189 2735 semper
205 2659 315 2719 iudicio
335 2661 421 2720 lavor
439 2659 542 2719 officit.
568 2660 643 2719 Puto
658 2662 768 2721 multos
786 2661 925 2736 potuisse
936 2660 976 2718 ad
991 2675 1038 2719 sa·
1048 2670 1081 2722 16

67 2743 210 2820 pientiam
220 2744 389 2818 pervenire,
396 2744 454 2803 nisi
465 2751 665 2817 putassentse
679 2745 864 2818 pervenisse,
873 2743 932 2804 nisi
945 2758 1037 2818 quae·

66 2830 136 2888 dam
155 2827 185 2888 in
207 2843 241 2887 se
260 2827 517 2899 dissimulassem,
541 2829 671 2902 quedam
688 2829 803 2902 opertis
822 2829 920 2888 oculis
940 2835 1038 2888 trans-

66 2913 232 2974 siluissent.
247 2928 308 2970 non
324 2917 370 2970 est
384 2909 473 2982 enim,
490 2911 573 2984 quod
587 2912 683 2986 magis
698 2914 795 2971 aliena
805 2913 922 2972 iudices
934 2912 1039 2971 adula-

65 2997 148 3057 tione
159 3013 217 3056 nos
231 2996 329 3070 perire
342 3010 433 3070 quam
446 3001 559 3054 nostra.
568 2995 636 3068 quis
647 2995 704 3056 sibi
719 2997 932 3055 verumdiecre
943 3011 1039 3055 ausus

66 3088 134 3140 est?
154 3080 222 3154 quis
238 3096 299 3139 non
317 3078 393 3138 inter
413 3076 597 3137 laudantium
619 3080 900 3154 blandientiumque
921 3079 1040 3154 positus

68 3180 178 3240 greges
195 3164 354 3239 plurimum
377 3171 478 3224 tamen
502 3160 558 3221 sibi
579 3162 647 3236 ipse
662 3163 843 3224 adsentatus
861 3170 928 3224 est?
952 3164 1040 3238 Rogo
1049 3175 1081 3231 17

66 3248 185 3322 itaque,
211 3249 237 3308 si
253 3248 335 3322 quod
350 3247 446 3306 habes
462 3245 627 3304 remedium
643 3263 703 3321 quo
719 3247 798 3307 hane
813 3246 1042 3307 fluctuationem

68 3348 166 3392 meam
184 3331 284 3403 sistas,
308 3332 433 3406 dignum
458 3345 506 3388 rne
528 3336 624 3402 putes,
649 3329 701 3404 qui
722 3331 774 3391 tibi
797 3330 1042 3406 tranquillitatem

68 3416 206 3476 debeam.
231 3416 297 3475 Non
310 3431 380 3475 esse
393 3414 585 3490 periculosos
597 3420 696 3472 motus
708 3414 798 3474 animi
809 3415 1043 3490 necquicquam

71 3499 246 3560 tumultuosi
268 3498 433 3559 adferentis
456 3498 530 3557 scio.
567 3503 603 3555 ut
620 3513 692 3556 vera
714 3498 765 3557 tibi
787 3499 983 3560 similitudine
1001 3496 1042 3570 id,
