2438 3968
105 241 159 299 AD
170 238 366 300 POLYBIUM
377 240 427 300 DE
440 239 738 301 consonatione.
754 250 873 303 12-14
883 244 949 320 [33.]
970 239 1033 302 231

63 396 168 455 orbem
192 401 421 470 pervagantem:
446 410 524 469 quae
546 410 613 454 curn
635 409 673 452 ex
694 394 763 468 ipso
778 394 837 454 hoc
851 396 977 469 angulo,
1001 396 1032 453 in

63 495 125 554 quo
146 494 204 554 ego
222 478 341 539 defixus
355 494 438 550 sum,
460 480 624 552 conplures
639 480 800 538 multorum
813 477 872 537 iarn
884 490 1034 538 annorum

63 563 150 623 ruina
164 564 290 623 obrutos
305 562 447 624 effoderit
460 570 491 622 et
504 563 533 621 in
547 564 644 621 lucem
657 562 827 632 reduxerit,
851 579 912 622 non
923 578 1048 623 vereor

63 663 102 705 ne
122 662 170 705 me
188 663 281 706 unum
301 654 444 707 transeat.
470 647 541 720 lpse
563 652 662 705 autem
677 647 789 721 optime
804 647 888 706 novit
900 654 1031 720 tempus,

64 747 125 804 quo
141 729 250 803 cuique
265 730 375 789 debeat
389 745 581 789 succurrere:
602 745 659 803 ego
672 745 791 789 omnem
804 744 928 805 operam
941 729 1030 804 dabo,

63 830 102 872 ne
130 813 290 888 pervenire
314 814 353 873 ad
378 829 426 873 me
451 813 620 873 erubescat.
656 811 679 873 0
705 813 820 873 felicem
844 814 1060 873 clementiaml

62 907 159 968 tuam,
185 896 314 971 Caesar,
339 912 418 971 quae
438 896 553 969 effecit,
578 903 611 956 ut
626 897 803 971 quietiorem
824 899 882 957 sub
897 905 927 957 te
941 904 1033 973 agant

61 984 155 1042 vitam
169 981 290 1054 exules,
307 998 399 1054 quarn
413 997 511 1054 nuper
522 980 580 1041 sub
592 981 662 1040 Caio
674 995 765 1055 egere
778 981 947 1057 principem
968 996 1030 1041 non

62 1065 221 1141 trepidant
232 1080 289 1124 nec
303 1080 359 1140 per
374 1064 510 1139 singulas
525 1064 618 1124 horas
632 1065 764 1140 gladium
779 1071 960 1140 exspectant
974 1079 1031 1124 nec

62 1151 101 1209 ad
121 1165 240 1209 omnem
254 1147 377 1208 navium
392 1155 589 1224 conspectum
605 1155 725 1223 pavent.
756 1163 811 1224 per
828 1157 858 1210 te
871 1146 985 1209 habent
998 1156 1032 1208 ul

62 1236 201 1297 fortunae
212 1231 377 1293 saevientis
389 1234 511 1293 modum
523 1233 563 1292 ita
575 1248 661 1307 spem
674 1248 798 1307 quoque
809 1232 942 1293 melioris
950 1233 1031 1292 eius·

62 1318 130 1377 dem
146 1333 183 1376 ac
198 1316 368 1392 praesentis
382 1317 523 1392 quietem.
546 1315 633 1376 Scias
645 1316 716 1376 licet
727 1332 764 1374 aa
775 1317 895 1377 demum
908 1316 1032 1375 lulmina

61 1417 134 1461 esse
148 1400 327 1472 iustissima,
352 1417 430 1474 quae
445 1402 534 1461 etiarn
550 1400 689 1474 percussi
705 1402 815 1459 colunt.
846 1419 848 1423 ·

123 1486 202 1544 XIV.
226 1491 294 1556 [aa]
316 1483 372 1544 Hic
384 1485 486 1559 itaque
497 1483 650 1558 princeps,
667 1483 718 1558 qui
731 1485 885 1556 publicum
898 1485 1030 1543 omniurn
1043 1494 1058 1545 1

61 1568 218 1628 hominum
233 1568 373 1628 solatium
389 1576 450 1641 est,
467 1575 518 1628 aut
533 1583 580 1626 me
595 1568 696 1626 omnia
714 1567 833 1640 iallunt,
850 1575 902 1627 aut
912 1568 971 1626 iarn
982 1579 1029 1627 re-

61 1653 176 1712 creavit
194 1653 325 1711 animum
340 1658 422 1711 tunm
441 1659 471 1710 et
484 1658 544 1710 tarn
559 1667 669 1725 magno
684 1650 801 1710 volneri
815 1651 931 1711 maiora
945 1650 1029 1710 adhi-

61 1735 126 1794 buit
139 1735 283 1795 remedia.
311 1733 370 1793 iam
385 1743 414 1795 te
429 1735 509 1795 omni
525 1735 714 1794 confirmavit
727 1734 829 1794 modo.
857 1735 916 1794 iam
928 1733 1030 1794 omnia

61 1819 216 1894 exempla,
240 1819 351 1893 quibus
372 1819 410 1877 ad
427 1818 517 1878 animi
532 1818 714 1892 aequitatem
729 1818 962 1891 conpellereris,
985 1827 1029 1879 te·

60 1903 225 1963 nacissima
235 1903 380 1962 memoria
390 1902 499 1962 retulit.
519 1902 718 1961 iamomnium
729 1909 895 1978 praecepta
907 1903 1028 1977 sapien-

60 1994 122 2046 tum
137 1986 265 2046 adsueta
279 1985 337 2045 sibi
353 1986 495 2045 lacundia
509 1987 661 2060 explicuit.
686 1987 792 2047 Nullus
806 1987 909 2062 itaque
920 1986 1059 2050 meliusa

60 2070 116 2129 has
137 2067 325 2144 adloquendi
345 2077 448 2145 partes
467 2071 672 2143 occupaverit.
706 2070 788 2130 allud
802 2070 955 2130 habebunt
970 2070 1029 2128 noc

59 2154 179 2213 dicente
191 2153 314 2227 pondus
326 2154 420 2212 verba
432 2155 513 2213 velut
524 2155 561 2213 ab
574 2155 696 2214 oraculo
708 2156 812 2214 missa.
837 2155 1029 2213 omnem'vim

59 2238 175 2296 doloris
190 2237 232 2297 tui
247 2236 350 2296 divina
365 2237 430 2296 eius
446 2239 611 2297 contundet
628 2237 800 2298 auctoritas.
829 2237 911 2296 huno
925 2236 1029 2311 itaque

59 2320 321 2395 tibiputadicere=
345 2321 441 2395 „Non
456 2328 491 2380 tc
506 2322 628 2381 solum
644 2323 798 2380 lortuna
812 2318 1030 2395 desumpsit

60 2403 149 2475 sibi,
169 2411 362 2476 quamtam
378 2404 486 2479 gravi
502 2404 860 2466 adliceretiniuria.
885 2405 1028 2464 nullado-

59 2502 127 2545 rnus
140 2485 171 2545 in
186 2493 248 2548 toto
265 2488 339 2548 orbe
354 2496 500 2549 terrarum
516 2496 567 2547 aut
578 2495 625 2547 est
636 2496 687 2548 aut
698 2489 753 2549 luit
765 2488 831 2548 sine
842 2489 944 2563 aliqua
955 2503 1028 2547 con·

60 2570 241 2645 ploratione.
269 2571 416 2631 Transibo
429 2572 568 2646 exempla
582 2572 730 2645 volgaria,
754 2585 834 2647 quae
845 2571 1028 2631 etiamsimi-

59 2670 149 2726 nora,
169 2661 269 2713 tamen
284 2655 402 2726 misera,
423 2662 508 2714 sunt:
531 2655 570 2714 ad
585 2655 683 2715 lastus
698 2664 727 2717 te
740 2664 770 2716 et
780 2657 905 2714 annales
917 2655 1028 2731 perdu-

59 2754 126 2797 cam
138 2737 289 2812 publicos.
312 2737 408 2797 Vides
421 2754 527 2798 omnes
538 2737 596 2798 has
608 2738 764 2814 imagines,
781 2755 860 2813 quae
872 2739 1059 2814 inpleverea

59 2823 225 2881 Caesarum
244 2822 373 2880 atrium?
400 2824 483 2882 nulla
505 2839 564 2882 non
585 2823 691 2882 harum
712 2825 814 2898 aliquo
837 2838 961 2883 suorum
983 2822 1028 2883 in·

59 2905 222 2966 commodo
238 2903 366 2980 insignis
382 2913 438 2966 est.
461 2923 550 2967 nemo
566 2923 626 2967 non
642 2908 759 2967 existis
774 2906 803 2966 in
821 2915 1029 2968 ornamentum

58 2990 234 3050 seculorum
253 2990 472 3064 refulgentibus
492 2991 566 3050 viris
585 2998 637 3050 aut
652 2992 805 3052 desiderio
824 3008 950 3052 suorum
966 3000 1028 3051 tor·

56 3082 106 3133 tus
122 3080 170 3134 est
184 3082 236 3135 aut
250 3090 268 3133 a
284 3073 349 3133 suis
364 3088 431 3132 curn
443 3075 573 3134 maximo
587 3075 677 3135 animi
689 3076 823 3135 cruciatu
834 3076 1028 3136 desideratus

58 3166 114 3217 est.
153 3157 229 3232 Quid
251 3158 303 3218 tibi
325 3160 453 3217 reseram
475 3157 648 3233 Scipionem
666 3160 856 3232 Africanum,
881 3160 929 3220 cui
943 3170 1057 3223 morel

57 3241 158 3301 fratris
173 3242 202 3300 in
219 3241 309 3302 exilio
325 3240 460 3301 nuntiata
471 3248 537 3302 esti
558 3243 585 3301 is
598 3243 702 3316 irater,
720 3243 772 3317 qui
783 3243 895 3319 eripuit
905 3244 1027 3304 tratrem

56 3340 196 3400 carcere,
215 3342 276 3385 non
293 3326 391 3400 potuit
405 3326 522 3399 eripere
534 3326 605 3386 lato.
627 3334 657 3385 et
675 3343 765 3400 quam
780 3328 941 3403 impatiens
952 3327 1027 3388 iuris

55 3409 147 3484 aequi
159 3409 256 3484 pietas
268 3409 404 3469 Africani
415 3409 511 3483 tuterit,
525 3410 640 3469 cunctis
653 3410 808 3485 adparuit:
828 3411 937 3471 eodem
948 3410 1027 3470 enlm

56 3492 106 3551 die
127 3491 230 3568 Scipio
252 3493 430 3565 Africanus,
449 3509 509 3568 quo
526 3493 650 3553 viatoris
666 3495 805 3554 manitus
821 3495 941 3555 fratrem
956 3495 1027 3554 abs-
