2438 3968
103 260 157 318 Ab
170 256 366 318 POLYBIUM
377 256 427 318 ol:
440 256 736 318 CONSOLATIONE.
750 264 944 331 16--18.[37.]
967 254 1029 318 235

60 409 195 483 gaudere
221 407 425 482 principaliter
448 415 570 482 posset,
598 417 794 482 conspectum
821 414 1027 469 conversatio·

59 507 191 566 nemque
208 491 317 550 civium
339 507 463 551 suornm
480 491 625 567 prodigit,
647 492 803 566 exsequiis
819 492 935 553 sororis
951 508 1026 553 suae

59 592 120 634 non
140 573 289 648 interluit,
310 575 391 635 iusta
412 574 511 634 sorori
531 591 591 634 non
607 575 769 649 praestitit,
789 575 847 634 sed
861 576 890 635 in
904 576 1025 636 Albano

59 674 117 718 suo
138 658 264 718 tesseris
281 674 317 718 ac
333 660 399 719 loro
416 665 446 717 et
464 659 649 733 pervolpctis
664 659 838 718 huiusmodi
852 659 919 719 aliis
935 673 1025 720 occu-

57 743 233 816 pationibus
256 742 445 800 acerbissimi
460 742 574 801 funeris
587 742 726 802 elevabat
739 743 826 800 mala.
852 743 910 802 Pro
926 744 1027 817 pudor

57 825 192 901 imperii!
214 824 361 900 principis
376 826 503 884 Romani
516 826 643 899 lugentis
657 841 793 886 sororem
807 827 874 886 alea
886 825 1026 887 solatium

58 911 122 968 suit
158 909 241 968 ldem
261 907 312 967 ille
333 909 422 968 Caius
443 909 559 968 luricsa
578 908 779 970 inconstantia
793 910 884 971 modo
899 910 1054 969 barbanus

58 992 264 1068 capillumque
289 992 484 1065 submittens,
514 994 604 1053 modo
629 994 732 1054 ltaliae
752 1008 789 1052 ac
811 992 933 1054 Siciliae
955 1007 1025 1053 oras

58 1077 248 1136 errabundus
268 1077 452 1150 permetiens
474 1086 503 1137 et
519 1093 681 1151 numquam
697 1077 771 1137 satis
787 1084 902 1150 cartus,
926 1084 1025 1137 utrum

57 1160 154 1234 lugeri
168 1161 259 1220 vellet
273 1176 310 1218 an
326 1160 384 1219 coli
400 1176 551 1233 sororem,
568 1162 675 1221 eodem
691 1160 940 1236 omnitempore,
962 1176 1025 1236 quo

57 1245 170 1317 templa
193 1244 234 1303 illi
259 1243 462 1304 constituebat
487 1260 523 1302 ac
549 1245 732 1319 pulvinaria,
762 1259 816 1304 ees
842 1243 894 1318 qui
917 1258 1025 1319 parum

57 1328 166 1388 moesti
187 1328 320 1400 lucrant,
343 1328 554 1388 crudelissima
574 1328 735 1388 adiiciebat
750 1327 1024 1387 animadversione.

57 1412 165 1471 eadem
187 1412 265 1470 enim
287 1409 464 1485 intemperie
484 1411 574 1470 animi
601 1411 798 1471 adversarum
822 1425 923 1470 rerum
946 1412 1025 1472 ictus

58 1495 187 1567 serebat,
211 1510 272 1568 qua
292 1496 494 1554 secundarum
517 1497 613 1556 elatus
629 1502 740 1555 eventu
754 1509 849 1570 super
861 1494 1025 1554 humanum

57 1579 278 1638 intumescebat
298 1579 430 1639 modum.
464 1577 573 1638 Procul
595 1578 676 1638 istud
697 1578 868 1652 exemplum
891 1579 929 1639 ab
945 1578 1055 1640 omnid

57 1662 195 1720 Romano
217 1660 257 1720 sil
277 1662 357 1733 viro,
380 1664 493 1722 luctum
512 1678 601 1721 suum
615 1669 667 1721 aut
680 1656 900 1736 intempestivis
911 1661 1025 1736 sapere

58 1744 175 1803 lusibus
196 1754 248 1804 aul
269 1745 404 1805 sordium
425 1761 461 1804 ac
482 1744 636 1819 squaloris
658 1745 801 1805 foeditate
827 1746 948 1805 inritare
972 1754 1025 1806 aut

57 1826 164 1886 alienis
179 1828 266 1887 malis
282 1829 433 1888 oblectare
448 1829 569 1888 minime
583 1829 714 1888 humano
730 1828 848 1890 solatio.

118 1911 226 1971 XVlll.
249 1910 313 1971 Tibi
328 1927 401 1972 vero
417 1912 489 1972 nibil
503 1929 542 1970 ex
558 1912 778 1973 consuetudine
789 1913 964 1973 mutandum
977 1920 1051 1972 estl

57 2004 122 2068 tua,
146 1995 432 2070 quoniamquidem
454 2012 491 2056 ea
511 1995 663 2057 instituisti
686 2012 787 2056 amare
808 1997 922 2070 studia,
946 2011 1025 2071 qnae

57 2079 171 2152 optime
191 2088 221 2140 et
240 2079 412 2140 felicitatem
433 2081 580 2140 extollunt
594 2087 624 2140 et
640 2080 780 2139 facillime
794 2081 930 2139 minuunt
944 2080 1023 2138 cuia·

55 2164 187 2223 mitatem
199 2163 369 2237 eademque
380 2170 409 2223 et
421 2172 596 2225 ornamenta
607 2164 738 2223 maxima
749 2163 904 2223 hominum
916 2169 1025 2222 suntet
1049 2210 1050 2213 ,

55 2246 173 2307 solatia.
204 2252 270 2320 [dl]
287 2247 587 2323 Nuncilaquete
603 2245 1024 2318 studiistuisinmerge

55 2329 200 2400 acrius,
224 2346 304 2389 nunc
323 2331 373 2390 illa
393 2331 445 2390 tibi
459 2335 543 2391 velut
556 2331 740 2390 munimenta
754 2330 844 2389 animi
860 2328 1023 2401 circumda,

55 2428 95 2471 ne
110 2427 149 2470 ex
165 2413 225 2471 ulla
240 2415 281 2472 lui
295 2422 378 2487 parte
390 2414 522 2474 inveniat
532 2415 683 2474 introilum
696 2415 793 2473 dolor.
826 2411 938 2472 Fratris
949 2421 1053 2486 quo-2

56 2511 117 2571 que
132 2496 175 2554 tui
191 2497 309 2570 produc
326 2499 499 2557 memoriam
515 2498 616 2571 aliquo
632 2497 816 2572 scriptorum
829 2501 1023 2556 monumento

55 2588 187 2639 tuorum.
220 2579 278 2638 hoc
298 2579 377 2638 enim
396 2597 488 2641 unum
508 2589 556 2641 est
574 2581 667 2641 rebus
688 2580 828 2641 humanis
850 2596 945 2654 opus,
974 2576 1024 2639 cni

55 2663 138 2722 nulla
159 2671 325 2736 tempestas
349 2673 473 2735 noceat,
501 2665 584 2739 quod
604 2665 686 2723 nulla
701 2671 861 2724 consumat
875 2669 1023 2722 vetustas.

54 2754 157 2806 cetere
178 2763 257 2820 quae
276 2761 332 2821 per
352 2749 607 2808 constructionem
627 2747 762 2822 lapidum
782 2755 812 2806 et
835 2761 1024 2806 marmoreas

55 2831 151 2890 moles
172 2838 224 2890 aut
242 2838 380 2890 terrenos
403 2832 536 2892 tumulos
550 2831 580 2890 in
595 2846 734 2906 magnam
749 2832 878 2892 eductos
892 2828 1023 2889 altitudi-

54 2930 123 2974 nem
145 2921 300 2988 constant,
329 2930 391 2974 uon
412 2923 583 2990 propagant
602 2916 724 2990 longam
744 2913 824 2975 diem
846 2913 973 2988 [quippe
993 2920 1025 2973 et

53 2999 124 3073 ipsa
144 2998 321 3070 intereunt]=
348 2997 515 3058 inmortalis
531 3007 578 3060 est
590 2997 702 3073 ingenii
716 2997 872 3058 memoria.
899 2996 977 3056 hanc
992 3003 1024 3056 tu

54 3082 138 3141 fratri
151 3090 203 3143 tuo
214 3083 334 3156 largire,
354 3081 385 3141 in
398 3081 457 3142 hac
468 3097 536 3141 enm
550 3085 686 3142 conloca.
714 3082 821 3141 melius
837 3082 918 3141 illum
934 3081 1023 3139 dura-

54 3173 121 3225 turo
144 3181 266 3241 semper
287 3163 484 3226 consecrabis
506 3166 626 3241 ingenio
642 3182 732 3240 quam
753 3164 842 3225 inrito
857 3165 963 3225 dolore
978 3164 1023 3224 lu·

53 3249 151 3321 gobis.
187 3249 275 3323 Quod
297 3250 336 3310 ad
357 3249 457 3324 ipsam
479 3250 628 3310 lortunam
645 3251 788 3324 pertinet,
811 3247 928 3309 etiamsi
943 3252 1053 3308 nunes

53 3332 103 3404 agi
119 3333 202 3407 apud
216 3341 246 3393 le
261 3350 357 3393 causa
370 3333 436 3393 eius
452 3349 513 3392 non
525 3340 640 3407 potest,
657 3332 757 3393 omnia
769 3331 847 3392 enim
860 3333 925 3405 illa,
940 3329 1021 3406 quae

55 3415 143 3475 nobis
159 3416 257 3490 dedit,
281 3417 393 3477 abhoc
409 3418 523 3491 ipsum,
548 3416 631 3490 quod
646 3417 760 3490 aliquid
776 3416 900 3491 eripuit,
922 3416 1022 3475 invisa

53 3505 139 3558 sunta
168 3508 240 3560 tunc
259 3507 358 3561 tamen
383 3501 438 3561 erit
458 3501 591 3574 agenda,
618 3515 685 3559 cum
702 3500 829 3573 primum
844 3499 1022 3574 aequiorem
