2438 3968
130 215 183 274 AD
208 213 433 289 GALLIONEM
456 214 506 272 DE
529 214 622 272 VlTn
643 213 783 272 Bunfn.
814 223 898 275 1-3.
943 215 1003 276 tlt

29 370 152 431 mobilis
165 370 251 430 favor
263 362 447 443 circumegit
469 367 582 427 Eadem
595 367 771 441 probamus,
783 367 890 426 eadem
903 384 1006 443 repre-

29 455 208 516 hendimus:
231 453 280 511 hic
295 454 394 513 exitus
410 459 457 512 est
473 453 572 512 omnis
587 449 698 523 iudicii,
715 454 744 508 in
761 467 821 525 quo
838 454 1007 513 secundum

29 542 136 615 plures
153 539 249 599 datur.

47 648 48 652 ¹
93 623 130 682 ll.
156 622 228 681 Cum
244 622 283 680 de
300 620 388 680 beata
405 619 466 680 vito
481 626 595 694 agetur,
611 635 671 678 non
687 621 832 693 estquod
847 620 1007 681 miniiltud
1022 641 1032 690 1

28 707 257 767 discessionum
276 719 361 764 more
381 705 590 779 respondeas:
611 704 708 777 „haec
730 720 802 778 pars
818 704 914 764 maior
935 720 1007 764 esse

28 792 182 851 videtur.“
210 790 281 849 ideo
298 787 377 848 enim
394 789 482 862 peior
498 796 553 847 est.
579 787 645 846 Non
660 794 722 847 tarn
736 787 815 847 bene
830 804 899 847 oum
912 787 1006 848 rebus

27 875 171 935 humanis
192 874 305 950 agitur,
328 881 361 932 ut
381 871 506 933 meliora
520 872 657 946 pluribus
672 874 827 948 placeant:
849 887 1006 946 argumen-

29 969 93 1020 tum
109 958 234 1035 pessimi
255 958 344 1018 turba
359 964 414 1017 est.
447 957 634 1030 Quaeramus
655 973 743 1031 ergo,
766 956 839 1030 quid
862 957 1035 1031 optimumn

28 1046 113 1104 factu
128 1043 182 1115 sit,
204 1059 263 1104 non
282 1042 355 1117 quid
370 1039 614 1113 usitatissimum,
631 1041 747 1115 etquid
761 1057 819 1101 nos
836 1042 865 1099 in
881 1056 1007 1115 posses·
1036 1114 1038 1117 Ι

28 1130 119 1188 sione
133 1125 285 1202 felicitatis
301 1133 443 1185 aeternae
458 1125 629 1196 constituat,
645 1141 704 1185 non
724 1124 798 1199 quid
813 1126 914 1198 volgo,
929 1125 1007 1184 veri-

28 1209 100 1272 talis
116 1212 251 1287 pessimo
267 1209 431 1283 interpreti,
448 1209 610 1283 probatum
625 1209 673 1268 sit.
695 1210 819 1283 volgum
835 1216 934 1269 autem
947 1217 1009 1269 tam

29 1296 245 1374 chlamydatos
269 1311 360 1368 quarn
382 1301 546 1353 coronatos
568 1308 657 1353 voco.
691 1310 752 1353 non
774 1293 855 1351 enim
874 1296 1008 1353 colorem

28 1379 176 1451 vestium,
193 1378 304 1453 quibus
319 1384 478 1452 praetexta
492 1384 562 1436 sunt
577 1392 721 1452 corpora,
738 1377 886 1450 adspicio.
910 1378 1008 1437 oculis

28 1464 70 1522 de
91 1462 215 1523 homine
235 1478 296 1522 nou
318 1462 420 1521 oredo.
451 1460 549 1520 habeo
576 1461 683 1519 melius
708 1468 738 1520 et
762 1459 874 1520 certius
894 1461 1005 1533 lumen,
1041 1477 1044 1481 ·

29 1562 93 1620 quo
112 1546 231 1608 afalsis
253 1561 327 1602 vera
348 1543 527 1604 diiudicem=
550 1543 641 1603 animi
662 1545 775 1603 bonum
789 1545 907 1603 animus
923 1545 1005 1603 inve·

28 1631 102 1695 nial.
124 1629 182 1700 hic,
200 1630 228 1690 si
243 1644 385 1703 umquam
400 1628 554 1701 respirare
568 1627 610 1687 illi
625 1636 655 1688 et
668 1629 814 1688 recedere
826 1629 856 1687 in
870 1645 905 1688 se
918 1644 1007 1688 vaca·

11 1714 121 1785 -verit,
151 1730 167 1772 0
191 1729 281 1788 quam
304 1712 362 1771 sibi
386 1712 453 1786 ipse
476 1728 582 1772 verum
603 1720 701 1772 tortus
722 1729 740 1770 a
762 1728 796 1771 se
814 1710 955 1774 fatebitur
970 1728 1007 1773 ao

28 1797 127 1857 dicet:
144 1796 315 1871 „Quicquid
331 1796 388 1854 feci
403 1796 512 1862 adhuc,
528 1798 670 1856 infectum
685 1812 757 1856 esse
771 1798 900 1857 mallem.
923 1796 1036 1872 quic-3
1053 1851 1056 1857 .
1096 1831 1100 1837 -

30 1879 105 1956 quid
124 1881 186 1940 dixi
205 1897 273 1940 curn
287 1880 440 1954 recogito,
462 1884 549 1941 mutis
568 1881 697 1941 invideo.
730 1881 875 1956 quicquid
893 1883 1005 1956 optavi,
1048 1883 1050 1887 ’

29 1965 220 2025 inimicorum
233 1965 476 2025 exsecrationem
491 1972 574 2040 puto.
599 1964 744 2039 quioquid
760 1964 861 2037 timui,
879 1966 909 2024 dl
926 1966 1005 2039 boni,

31 2057 145 2125 quanto
156 2050 255 2109 levius
270 2049 325 2109 fuit
342 2065 432 2123 quarn
449 2049 730 2124 quodconoupivia
751 2066 819 2110 cum
834 2051 935 2110 multis
950 2049 1006 2109 ini-

29 2132 158 2194 micitias
181 2132 264 2208 gessi
287 2141 316 2192 et
339 2134 512 2206 ingratiam
531 2135 674 2206 exodio,
698 2135 724 2194 si
742 2135 833 2195 modo
851 2135 913 2194 ulla
929 2135 1007 2193 inter

30 2217 127 2278 malos
148 2218 245 2292 gratia
266 2226 326 2290 est,
347 2217 439 2276 redii:
461 2218 532 2276 mihi
553 2218 613 2292 ipsi
635 2219 770 2278 nondum
791 2219 907 2278 amicus
927 2233 1005 2278 sum.

30 2317 151 2362 omnem
164 2317 287 2376 operam
300 2300 380 2372 dedi,
393 2309 426 2361 ut
437 2317 485 2360 me
497 2301 676 2362 multitudini
688 2303 850 2362 educerem
863 2309 893 2361 et
905 2303 1007 2375 aliqua

29 2386 102 2445 dote
117 2384 278 2447 notabilem
294 2387 440 2445 facerem:
464 2385 537 2459 quid
554 2387 636 2445 aliud
652 2403 742 2460 quarn
756 2388 824 2446 telis
841 2402 890 2444 me
908 2400 1005 2460 oppo-

29 2469 77 2529 sui
99 2475 129 2526 et
146 2469 368 2545 malivolentiae
390 2470 473 2544 quod
489 2471 642 2529 morderet
657 2471 797 2530 ostendit
828 2470 915 2528 vides
928 2468 1034 2530 istest

30 2553 82 2627 qui
98 2553 301 2627 eloquentiam
316 2553 452 2625 laudant,
471 2553 522 2627 qui
540 2569 615 2628 opes
632 2562 809 2628 sequuntur,
826 2553 878 2628 qui
891 2553 1005 2626 gratiae

29 2637 199 2710 adulantur,
213 2634 265 2711 qui
276 2637 440 2711 potentiam
453 2638 622 2698 extollunt?
636 2654 742 2698 omnes
756 2646 808 2698 aut
819 2644 892 2699 sunt
899 2637 1005 2699 hostes

28 2727 95 2792 aut,
123 2721 204 2793 quod
231 2721 261 2778 in
284 2736 382 2794 aequo
404 2726 465 2794 est,
492 2738 563 2781 esse
586 2730 728 2796 possunt
761 2737 850 2796 quarn
877 2736 1011 2797 magnus·

29 2805 200 2865 mirantium
227 2812 288 2866 tam
316 2820 446 2878 magnus
465 2805 662 2864 invidentium
684 2809 818 2881 populus
838 2812 900 2866 est:
932 2807 1005 2881 quin

29 2889 133 2964 potius
156 2905 270 2964 quaero
291 2887 417 2964 aliquod
437 2889 645 2960 umbonum,
672 2891 756 2966 quod
777 2890 920 2963 sentiam,
943 2906 1005 2952 non

30 2973 116 3047 quod
132 2974 307 3034 ostendam:
329 2975 481 3047 istaquae
495 2980 688 3048 spectantur,
711 2976 750 3056 ad
767 2989 847 3049 quae
864 2973 1004 3035 consisti-

29 3064 93 3128 tur‚
119 3073 197 3131 quae
214 3056 390 3120 alteralteri
407 3064 533 3131 stupens
555 3067 715 3137 monstrat,
737 3059 809 3119 foris
831 3059 941 3132 nitent,
961 3059 1005 3116 in-

29 3149 148 3204 trorsus
163 3141 275 3202 misera
289 3147 389 3202 sunt.“

92 3225 142 3290 111,
166 3225 352 3298 Quaeramus
374 3224 488 3300 aliquid
513 3241 573 3284 nou
595 3227 624 3286 in
646 3227 781 3301 speciem
797 3227 925 3300 bonum,
947 3227 1040 3287 sedr

29 3308 162 3391 solidum
180 3317 211 3369 et
225 3312 354 3385 aequale
374 3316 404 3369 et
419 3326 437 3368 a
452 3310 617 3370 secretiore
634 3316 720 3385 parte
736 3309 912 3371 formosius
945 3311 1004 3371 hoc

28 3408 182 3456 eruamus.
211 3409 271 3454 noo
289 3395 381 3469 longe
403 3393 534 3469 positum
554 3403 610 3454 est.
638 3395 815 3454 invenietur.
844 3395 924 3455 seire
939 3403 1004 3455 tan·

28 3484 93 3535 tum
108 3492 189 3552 opus·
203 3487 251 3538 est
271 3494 332 3553 quo
354 3494 477 3538 manum
498 3478 652 3554 porrigas:
673 3494 754 3539 nunc
769 3481 852 3541 velut
872 3480 903 3538 in
918 3486 1001 3539 tene-
