2438 3968
206 226 307 286 nint.
329 226 379 285 ili.
408 225 458 286 Did
478 224 546 284 IRA
568 225 638 284 [ΑΒ.
662 227 683 283 1.
707 233 741 287 18
773 234 837 286 vit).
971 224 1011 287 51

33 378 191 436 avelleret
212 376 311 434 iemur
324 381 493 450 pectusque
510 382 690 449 percuteret
710 386 852 451 quantum
866 377 941 436 iram
956 393 1013 453 pu·

33 467 100 531 tas,
117 475 213 534 quae,
228 460 300 534 quia
313 459 343 517 in
357 459 447 518 alium
463 475 523 520 non
539 467 597 518 tam
613 459 671 520 cito
688 475 779 534 quam
794 461 858 520 vuit
869 461 1012 537 «propit,

32 545 68 604 in
89 558 124 602 se
144 544 324 602 reveniunt
343 549 484 603 tenentur
502 543 636 617 itaquea
652 544 798 618 proximis
812 550 843 604 et
857 553 1010 620 rogantur,

34 635 70 687 ot
91 627 149 702 ipsi
171 627 229 686 sibi
251 629 418 701 ptaoentur.
446 642 576 701 quorum
595 625 638 686 nil
652 628 725 686 iacit
740 626 881 702 quisquis
895 638 1040 692 voeuuet

32 712 82 770 ira
101 711 236 770 meritam
251 709 362 786 auique
376 725 507 785 poenam
523 710 658 785 iniungit.
686 709 810 771 Dimittit
822 725 918 786 saepe
930 726 1010 782 eum,

34 796 125 854 euius
145 801 303 868 peceatum
324 794 498 868 deprendit,
519 794 548 852 si
571 795 756 868 poenitentia
771 794 840 854 iacti
855 809 943 869 spem
957 796 1011 856 bo-

33 891 106 937 nam
121 880 295 953 poitioetur,
315 877 500 952 siinteitegtt
512 893 574 938 nou
587 893 628 938 ex
643 879 703 938 atto
719 893 821 938 venue
835 876 1011 954 nequitiam,

34 960 241 1035 sedsummo,
262 963 345 1037 quod
361 963 459 1031 aiunt,
482 960 580 1021 animo
596 959 765 1044 inhaerere
794 963 1011 1037 dabitiupuni·

32 1053 127 1108 tatem
137 1061 195 1106 noo
203 1045 425 1120 accipientibus
436 1045 603 1105 nocituram
615 1060 672 1105 nee
682 1045 835 1107 donimus.
858 1046 1039 1106 Noenum-6

33 1145 127 1205 quom
147 1143 258 1204 magne
276 1131 396 1190 seelera
417 1129 515 1190 levius
536 1145 626 1205 quam
645 1129 765 1191 minora
779 1136 961 1205 oonpasoet,
983 1133 1009 1190 si

34 1212 87 1272 iila
102 1215 207 1288 lapsu,
229 1230 290 1272 uon
309 1213 487 1273 erudetitate
502 1214 675 1274 'commissa
694 1221 782 1287 sunt,
803 1214 850 1273 his
871 1215 951 1273 inest
966 1216 1008 1274 ta·

34 1306 103 1357 tens
122 1305 154 1357 et
173 1303 282 1371 operta
294 1304 328 1356 et
346 1298 514 1357 inveterata
527 1296 684 1357 eattiditas.
713 1298 797 1356 Idem
818 1299 958 1356 delictum
980 1298 1011 1358 in

34 1381 156 1440 duobus
177 1396 239 1441 non
261 1382 368 1440 eedem
390 1383 470 1441 maio
490 1380 625 1453 adiiciet,
646 1380 674 1440 si
689 1381 764 1441 aiter
779 1395 835 1455 per
848 1381 1011 1455 neglegen-

33 1465 105 1526 tiam
121 1464 257 1535 admisit,
278 1466 354 1524 atter
369 1465 484 1524 euravit
497 1472 530 1523 ut
548 1478 665 1524 nocens
679 1471 772 1524 osset.
802 1465 868 1524 Hoo
889 1476 1038 1537 sempar7

35 1549 66 1607 in
88 1548 169 1607 onrni
191 1548 455 1608 animadversione
475 1547 621 1621 servabit,
642 1556 675 1608 ut
694 1549 770 1607 sciat
785 1549 910 1606 atteram
923 1547 1011 1605 adbi-

33 1632 117 1705 bari,
137 1639 170 1690 ut
189 1631 330 1690 emendet
350 1631 462 1703 maios,
483 1633 622 1701 atteram,
643 1637 677 1689 ut
696 1633 790 1692 tollat
829 1630 857 1689 in
880 1637 1011 1704 utroque

35 1732 98 1775 non
120 1715 293 1789 praeterito,
316 1716 372 1774 sed
388 1716 487 1774 futura
501 1714 671 1774 intuebitur.
700 1730 786 1787 nam,
810 1721 843 1774 ut
861 1713 944 1774 Plato
960 1716 1010 1788 ait,

34 1815 119 1859 neoto
133 1800 269 1874 prodens
282 1803 389 1874 pontt,
403 1801 475 1873 qnia
491 1804 647 1874 peccatum
662 1807 721 1872 est,
742 1800 845 1859 sedne
861 1806 1010 1873 peccam.

33 1885 172 1944 revocari
186 1887 267 1944 enim
280 1886 448 1958 praeterito
466 1899 525 1943 non
535 1890 670 1958 possunt,
684 1883 793 1956 sunno
806 1883 1009 1956 probibente.

35 1975 65 2027 et
86 1981 165 2042 quos
188 1969 268 2028 votet
287 1966 440 2042 nequitiae
453 1969 532 2025 male
547 1967 684 2027 cedentis
697 1967 839 2040 exempta
854 1966 935 2039 deri,
956 1981 1010 2040 pa-

33 2054 94 2110 tam
106 2050 235 2124 occidet
251 2067 310 2111 non
326 2058 441 2112 tantum
455 2057 489 2110 ut
503 2057 629 2124 pereant
641 2051 716 2125 ipsi,
731 2051 788 2110 sed
805 2058 836 2110 ut
848 2049 926 2110 aiios
941 2065 1010 2124 per·

33 2136 135 2196 eundo
157 2135 336 2195 deterreant.
368 2136 451 2194 Haeo
471 2134 519 2193 eui
538 2135 744 2208 expendenda
758 2133 1040 2208 aestimandaquea

34 2226 119 2292 sunt,
136 2217 226 2279 vides
248 2234 339 2294 quam
361 2218 472 2278 debeat
491 2217 573 2278 onrni
587 2218 815 2292 perturbatione
831 2218 908 2276 liber
923 2232 1009 2276 noee-

33 2304 108 2362 dere
128 2303 171 2361 ad
187 2317 255 2362 rem
274 2317 395 2363 summa
412 2299 569 2375 diiigentia
593 2301 796 2374 tremendam,
828 2308 1009 2374 potestatem

33 2386 114 2446 vitae
129 2387 284 2461 necisque.
305 2386 385 2444 Mede
398 2386 475 2445 irato
490 2385 601 2444 terrum
615 2384 817 2445 committitur.

97 2470 160 2528 XX.
182 2468 225 2528 ite
238 2470 313 2530 itiud
330 2469 453 2544 quidem
468 2469 662 2528 iudicandum
674 2477 731 2542 est,
748 2468 863 2543 atiqoid
879 2468 955 2526 iram
969 2467 1036 2534 adr

33 2553 272 2627 magnitudinem
292 2553 383 2612 animi
405 2553 553 2612 conferre.
579 2569 641 2612 non
662 2560 710 2612 ost
727 2551 806 2610 euim
828 2552 878 2610 itta
895 2550 1009 2625 megui-

32 2638 123 2711 tudo,
145 2645 245 2698 tumor
264 2645 321 2697 est
355 2651 411 2696 nec
430 2636 613 2710 emporibus
637 2636 729 2712 eopia
751 2633 852 2694 vitiosi
873 2631 1009 2694 humoris

32 2721 157 2782 intentis
169 2720 296 2781 morbus
311 2722 527 2780 incrementum
543 2727 604 2793 est,
618 2720 676 2780 sed
691 2719 839 2795 pestilens
850 2718 1009 2778 mundam

31 2804 84 2865 tia
106 2803 218 2865 Omnes
233 2821 314 2880 quos
327 2819 436 2863 vecors
451 2803 569 2863 animus
584 2819 680 2878 supra
694 2802 895 2877 cogitationes
911 2804 1038 2868 extol-2

31 2890 66 2948 iit
86 2889 249 2960 humanae,
271 2891 364 2949 adum
385 2887 530 2962 quiddam
550 2894 580 2946 et
601 2887 729 2948 sublime
749 2886 868 2961 spirare
885 2901 923 2946 oe
943 2901 1009 2946 ere·

32 2973 122 3033 dunt:
150 2979 282 3032 ceterum
307 2972 351 3031 nil
376 2971 465 3032 solidi
493 2969 614 3045 subest,
642 2972 699 3031 sed
724 2970 753 3028 iu
774 2971 891 3029 ruinam
911 2985 1010 3044 prona

29 3064 119 3129 suut,
134 3071 213 3130 quae
233 3057 300 3117 sine
318 3055 523 3116 fundamentis
544 3069 675 3114 crevere.
704 3054 769 3113 Non
791 3054 883 3115 babet
899 3054 944 3112 ire
958 3051 1010 3111 oui

30 3140 162 3200 insistat.
194 3155 257 3200 non
274 3155 316 3199 ex
338 3139 424 3199 firmo
445 3154 653 3214 mansuroque
675 3139 782 3212 orium,
803 3137 859 3198 aed
881 3144 1010 3196 tertosa

28 3231 62 3284 et
75 3224 174 3283 inanis
192 3230 239 3283 est
252 3231 427 3298 tantumque
439 3223 530 3283 obest
542 3239 562 3282 a
572 3222 779 3296 magnitudine
790 3220 896 3294 animi,
913 3237 1009 3296 quan·

29 3316 95 3369 mm
116 3325 135 3367 a
153 3306 328 3369 fortitudine
352 3306 494 3379 eudaeia,
520 3323 541 3365 a
559 3307 672 3367 fiducia
696 3306 874 3382 insolentia,
895 3305 934 3364 ab
954 3320 1007 3364 eu·

28 3392 165 3452 wbate
190 3391 324 3465 tristitia,
353 3408 374 3451 a
403 3391 564 3452 severitate
589 3391 747 3450 oudeiites.
797 3389 937 3462 Multum,
965 3389 1037 3449 iar-3

31 3491 140 3551 mrum,
176 3474 302 3536 interest
331 3475 408 3535 iuter
432 3475 594 3535 sublimem
618 3475 751 3534 animum
775 3479 806 3533 et
830 3472 1007 3589 *superbum

805 3565 822 3619 t
