2438 3968
211 237 403 298 ACCIDANT
425 237 505 299 CUM
525 235 785 298 PROVIDENTIA
805 237 873 297 SlT.
903 237 923 295 Ι.
942 237 978 296 ll.
1062 234 1083 298 5

105 388 214 451 virium
229 406 303 450 cura
317 396 379 464 est,
401 407 469 450 cum
486 389 658 452 fortissimis
680 391 852 467 quibusque
873 390 1039 466 confligere
1054 397 1085 453 ct

105 475 228 551 exigere
247 475 287 534 ab
301 474 349 534 his
366 490 421 548 per
443 491 521 549 quos
537 475 691 534 certamini
707 481 941 550 praeparantur,
965 481 998 535 ut
1012 475 1083 536 totis

107 565 212 619 contra
223 557 311 633 ipsos
323 557 438 619 viribus
456 565 584 619 utantur.
605 558 692 618 caedi
703 574 738 618 se
750 559 918 634 vexarique
933 560 1085 634 patiuntur

105 642 174 702 etsi
189 658 249 702 non
263 640 421 702 inveniunt
434 641 573 717 singulos
584 657 683 717 pares,
701 642 837 716 pluribus
848 642 936 703 simul
949 643 1083 704 obiciun-

105 734 161 787 tur.
183 724 300 785 Marcet
311 725 376 785 sine
384 725 562 786 adversario
573 724 678 786 virtus.
701 732 773 786 tunc
783 726 911 801 adparet
922 735 1034 802 quanto
1045 727 1117 791 sitt

108 815 314 884 quantumque
331 809 459 884 polleat,
480 824 548 869 cum
569 809 643 882 quid
664 810 762 884 possit
783 807 928 884 patientia
942 812 1083 871 ostendit.

106 893 193 954 Scias
216 893 285 953 licet
307 893 387 952 idem
406 893 479 953 viris
501 892 590 952 bonis
612 909 683 953 esse
697 892 884 967 iaciendum,
906 900 938 954 ut
954 894 1029 954 dura
1048 911 1084 954 ac

106 976 241 1038 dildcilia
256 993 316 1037 non
331 977 529 1037 reformident
542 991 598 1037 nec
613 978 651 1036 de
665 978 727 1038 lato
740 985 912 1052 querantur.
938 978 1082 1053 quicquid

105 1059 224 1135 accidit,
238 1061 310 1121 boni
325 1062 494 1132 consulant
510 1061 540 1121 in
554 1060 669 1120 bonum
681 1068 808 1122 vertant.
840 1061 907 1121 Non
923 1063 1010 1137 quid,
1027 1062 1083 1122 sed

107 1145 363 1220 quemadmodum
374 1146 455 1204 ieras
468 1145 601 1210 interest.
620 1144 686 1204 Non
698 1145 795 1219 vides,
809 1151 921 1218 quanto
933 1143 1021 1206 aliter
1030 1162 1081 1221 pa·
1098 1161 1116 1215 5

104 1230 282 1301 treS‚aliter
290 1235 402 1289 matres
414 1228 673 1303 indulgeantt-illi
685 1229 843 1289 exercitari
854 1227 1083 1290 iubentliberos

105 1313 146 1372 ad
159 1313 260 1372 studia
273 1312 416 1372 obeunda
429 1319 559 1384 mature,
575 1312 689 1372 senatis
701 1328 825 1387 quoque
837 1313 946 1373 diebus
957 1329 1017 1374 non
1031 1330 1083 1388 pa-

105 1397 218 1457 tiuntur
234 1411 306 1455 esse
319 1396 437 1457 otiosos
452 1403 482 1456 et
496 1397 641 1457 sudorem
657 1397 716 1456 illis
733 1402 764 1456 et
776 1396 929 1456 interdum
944 1397 1083 1455 lacrimas

106 1481 271 1540 excutiunt.
300 1488 330 1538 at
350 1487 462 1540 matres
482 1481 587 1539 fovere
606 1480 636 1538 in
657 1480 740 1551 sinu,
765 1480 919 1539 continere
933 1479 964 1538 in
978 1481 1085 1540 umbra

106 1565 227 1635 volunt,
244 1578 409 1636 numquam
424 1561 515 1635 llere,
534 1579 698 1638 numquam
714 1562 898 1636 contristari,
920 1579 1084 1637 numquam

107 1647 256 1708 laborare.
278 1646 408 1707 Palmum
428 1646 505 1706 deus
527 1645 617 1706 hubet
636 1647 786 1707 adversus
806 1644 907 1707 bonos
921 1647 1005 1706 viros
1021 1645 1116 1710 ani-6

108 1744 189 1806 mum
204 1737 233 1790 et
247 1730 316 1789 illos
329 1730 535 1790 fortiteramat
548 1737 592 1790 et=
614 1730 774 1805 operibus,
790 1729 899 1805 inquit,
916 1729 1082 1802 doloribus,

107 1815 225 1874 damnis
240 1813 446 1889 exagitentur,
469 1822 502 1874 ut
515 1829 621 1874 verum
637 1812 779 1888 colligant
793 1814 894 1874 robur.
926 1815 1084 1889 Languent

107 1913 163 1974 per
177 1897 314 1958 inertiam
328 1899 465 1972 saginata
479 1913 536 1958 nec
547 1898 651 1958 labore
665 1905 792 1971 matum,
808 1900 863 1959 scd
877 1905 960 1958 motu
972 1906 1002 1958 et
1013 1898 1082 1973 ipso

106 1982 153 2043 sui
169 1997 262 2041 onere
277 1982 430 2043 deliciunt.
452 1998 512 2043 non
528 1983 687 2042 lentulum
703 1981 793 2042 ictum
809 1982 925 2043 inlaesa
940 1980 1081 2042 felicitas:

106 2074 136 2128 at
151 2066 199 2125 ubi
212 2064 342 2126 adsidua
358 2067 412 2126 luit
427 2082 495 2127 cum
511 2066 711 2127 incommodis
727 2066 792 2126 suis
807 2067 888 2139 rixa,
904 2067 1014 2131 callum
1028 2082 1083 2142 per

105 2150 229 2211 iniurias
245 2149 331 2210 duxit
344 2165 401 2210 neo
415 2151 468 2210 ulli
482 2150 562 2210 malo
578 2151 672 2223 cedit,
694 2150 751 2211 sed
765 2149 883 2211 etiamsi
898 2150 1021 2221 cecidit,
1044 2151 1083 2209 dc

104 2250 185 2310 genu
202 2241 324 2310 pugnat.
352 2233 471 2294 Miraris
487 2241 534 2308 tu,
549 2235 576 2294 si
591 2234 667 2293 deus
685 2234 734 2293 ille
748 2235 898 2294 bonorum
913 2234 1081 2294 amantissi-
1096 2239 1114 2298 7

104 2335 189 2391 mus,
211 2318 262 2393 qui
276 2319 345 2378 illos
361 2335 450 2393 quam
468 2319 599 2393 optimos
618 2333 689 2378 esse
704 2324 794 2392 atque
809 2317 1082 2378 excellentissimos

105 2403 183 2475 vult,
206 2403 355 2462 fortunam
376 2403 434 2462 illis
455 2417 523 2462 cum
545 2418 605 2476 qua
624 2408 824 2462 exerceantur
840 2399 1002 2475 adsignat?
1024 2416 1081 2474 ego

105 2503 179 2546 vero
195 2502 255 2546 non
270 2485 372 2546 miror.
406 2485 438 2545 Si
453 2486 616 2561 aliquando
632 2485 766 2558 inpetum
782 2485 922 2560 capiunt,
944 2490 1084 2559 spectant
1107 2554 1110 2558 Α

104 2571 136 2630 di
151 2586 279 2644 magnos
293 2570 377 2630 viros
393 2570 601 2631 conluctantes
616 2585 685 2629 cum
700 2567 802 2643 aliqua
817 2568 995 2628 calamitate.
1022 2567 1081 2628 No·
1095 2577 1114 2633 8

104 2653 152 2714 bis
168 2655 316 2714 interdum
329 2653 476 2728 voluptati
490 2661 552 2726 est,
568 2653 594 2712 si
609 2653 792 2712 adulescens
808 2650 975 2712 constantis
991 2651 1100 2711 animi‘

104 2737 272 2798 innuentem
288 2739 383 2798 feram
397 2735 548 2798 venabulo
564 2737 699 2811 excepit,
715 2735 740 2794 si
754 2736 851 2795 leonis
868 2733 1023 2797 incursum
1038 2735 1080 2793 in-

103 2820 224 2882 territus
244 2821 374 2896 pertulit.
408 2828 551 2896 tantoque
577 2821 636 2879 hoc
656 2821 864 2894 spectaculum
886 2825 934 2879 est
955 2817 1080 2894 gratius,

105 2914 218 2980 quanto
231 2905 262 2965 td
272 2903 429 2966 honestior
441 2905 520 2964 ierit
547 2920 607 2964 non
617 2912 689 2964 sunt
699 2904 756 2962 ista
762 2918 866 2978 quae
878 2904 997 2978 possint
1008 2903 1082 2962 deo
1177 2898 1184 2917 ⁴

103 3005 171 3048 rum
193 2988 221 3048 in
246 3004 280 3048 se
294 2991 410 3050 voltum
425 2995 620 3061 convertere,
641 2987 768 3063 puerilia
788 2994 818 3046 et
835 2986 984 3047 humanae
999 2986 1080 3046 oble·

105 3079 256 3134 ctamenta
270 3053 415 3133 levitatis·
437 3087 510 3132 ecce
522 3072 729 3146 spectaculum
745 3071 868 3147 dignum
883 3072 922 3131 ad
937 3071 1020 3145 quod
1036 3085 1081 3130 re·
1095 3075 1114 3133 ll

104 3157 215 3232 spiciat
228 3158 361 3218 intentus
377 3157 463 3232 operi
476 3173 533 3217 suo
549 3156 641 3229 deus,
665 3170 738 3216 ecce
750 3171 806 3229 par
817 3155 875 3215 deo
888 3153 1021 3229 dignum,
1036 3152 1082 3212 vir

104 3242 191 3301 lortis
207 3256 276 3300 cum
289 3243 409 3301 fortuna
424 3241 503 3301 mala
517 3241 708 3315 conpositum
726 3239 831 3314 utique
846 3239 872 3300 si
888 3244 918 3297 et
933 3252 1081 3313 provoca·
1126 3291 1132 3297 .

103 3326 157 3385 vit.
180 3325 246 3385 Non
262 3325 367 3398 video,
381 3324 520 3399 inquam,
536 3324 609 3398 quid
623 3323 733 3383 habeat
746 3324 774 3382 in
792 3323 878 3383 terris
892 3321 1004 3397 Iupiter
1016 3321 1081 3397 pul·
1111 3369 1114 3377 .

105 3409 222 3481 ebrius,
246 3409 272 3468 si
293 3415 471 3482 convertere
485 3407 616 3468 animum
630 3408 716 3479 velit,
741 3422 831 3481 quam
848 3413 882 3466 ut
895 3413 1013 3480 spectet
1027 3404 1079 3464 Ca·

105 3502 207 3554 tonem
223 3493 431 3569 lampantibus
446 3508 506 3553 non
524 3492 617 3553 semel
629 3490 732 3552 tractis
744 3497 871 3550 stantem
887 3487 1080 3549 nihilominus
