2438 3968
237 241 339 307 lllAL.
362 242 412 300 111.
445 239 497 301 DE
517 240 586 301 lRA
606 239 678 301 ιιΒ.
699 240 721 298 1.
742 246 857 300 a-11.
994 239 1036 302 43

60 409 110 455 rus
129 393 189 453 illis
211 391 379 468 similisque
400 390 600 468 opposueris,
626 400 658 453 ut
680 392 743 451 irae
759 399 886 463 metum,
912 392 1037 454 inertiae

58 479 148 550 bam,
163 476 262 537 timori
280 477 486 552 cupiditatem.
517 475 608 536 Absit
628 477 720 536 hoca
737 476 844 536 virtute
862 476 981 550 malurn,
1003 481 1064 539 uti

57 577 203 637 umquam
218 560 294 620 ratio
310 561 350 621 ad
363 561 436 620 vitia
450 559 612 634 confugiat.
651 560 717 619 Non
733 567 836 634 potest
850 558 900 618 hic
914 560 1033 620 animus

58 646 151 707 fidele
166 644 259 705 otium
275 659 394 720 capere.
435 644 585 718 quatiatur
604 659 735 705 necesse
749 651 796 703 est
811 642 1035 718 fluctuetur-que

57 725 110 806 qui
128 729 215 789 malis
230 726 295 790 suis
310 734 391 788 tutus
406 735 467 801 est,
491 727 543 802 qui
557 727 643 788 lortls
659 743 731 788 csse
744 727 803 787 nisi
818 726 958 786 irascitur
973 743 1033 789 non

58 819 170 889 potest,
186 811 355 872 industrius
370 810 428 871 nisi
444 812 534 886 cupit,
558 812 677 885 quietus
693 812 751 872 nisi
765 813 864 871 timet:
886 811 915 869 ln
931 819 1034 888 tyran·

36 935 40 942 -
57 897 130 957 nide
146 896 188 955 illi
202 895 365 956 vivendum
380 902 429 955 est
443 896 473 955 in
489 895 616 957 alicuius
631 896 770 957 adlectus
785 895 917 955 venienti
938 894 1033 954 servi-

56 988 160 1040 tutem.
193 979 258 1039 Non
280 979 375 1055 pudet
393 978 520 1040 virtutes
541 978 570 1038 in
592 979 759 1040 clientelam
773 979 913 1039 vitiorum
930 978 1034 1039 demit·

56 1069 145 1124 teret
190 1063 307 1123 Deinde
336 1061 448 1123 desinit
471 1063 635 1139 quicquam
668 1079 762 1139 posse
786 1064 880 1136 ratio,
910 1063 936 1123 si
962 1060 1064 1127 nihils

56 1154 160 1224 potest
173 1146 241 1206 sinc
254 1148 384 1220 adfectu,
402 1154 432 1206 et
446 1147 550 1222 incipit
563 1163 620 1221 par
633 1147 674 1207 illi
685 1148 853 1222 similisque
865 1162 945 1207 esse.
962 1145 1035 1220 quid

57 1232 138 1292 enim
152 1230 291 1304 interest,
315 1231 341 1291 si
364 1247 462 1306 aeque
482 1231 620 1292 adlectus
641 1232 812 1293 inconsulta
829 1248 880 1290 res
901 1230 1034 1290 estsine

56 1316 173 1376 ratione
188 1330 280 1390 quam
294 1315 370 1375 ratio
386 1314 453 1376 sine
467 1315 589 1375 adiectu
603 1315 767 1375 inellieaxt
802 1331 858 1391 par
873 1321 1034 1389 utrumque

57 1407 114 1473 est,
129 1397 180 1459 ubi
196 1414 267 1458 esse
282 1399 407 1459 alterum
422 1398 489 1459 sine
502 1400 597 1459 altero
611 1415 672 1458 non
688 1406 800 1475 potest.
840 1398 913 1471 Quis
934 1403 1034 1457 autem

56 1482 211 1544 sustineat
225 1482 378 1542 adlectum
392 1497 566 1558 exaequare
578 1481 709 1542 rationi?
743 1483 816 1555 „lta,
832 1481 938 1556 inquit,
954 1478 1064 1540 utilisl

58 1568 198 1628 adiectus
214 1573 276 1636 cst,
293 1565 319 1625 si
335 1565 475 1626 modicus
490 1571 566 1626 est.“
598 1565 691 1625 lmmo
712 1567 738 1625 si
761 1573 867 1626 natura
881 1564 962 1624 utilis
978 1570 1034 1622 est

59 1650 117 1711 sed
143 1650 168 1707 sl
188 1649 339 1722 inpatiens
358 1648 476 1723 imperii
495 1648 684 1724 rationisque
708 1657 770 1723 est,
796 1649 855 1710 hoc
879 1648 1035 1708 dumtaxat

59 1731 268 1792 moderatione
284 1739 498 1807 consequetur,
512 1739 546 1794 ut
561 1749 622 1807 quo
637 1733 735 1793 minor
750 1733 847 1807 luerit,
866 1732 965 1791 minus
981 1745 1034 1790 no·

58 1822 141 1877 ceat=
164 1831 237 1890 ergo
253 1817 391 1877 modicus
406 1816 545 1877 adlectus
560 1817 633 1877 nihil
646 1817 729 1876 aliud
742 1833 833 1892 quam
844 1817 954 1875 malum
971 1828 1034 1873 mo·

57 1900 158 1959 dicum
175 1908 229 1959 est.

120 1982 169 2042 Xl.
189 1981 271 2057 „Sed
287 1983 436 2059 adversus
446 1985 561 2058 hostes,
576 1984 680 2059 inquit,
697 1985 741 2043 ira
756 1992 804 2044 est
817 1983 1034 2045 ιιεεεεεεείιιιιι
1048 1984 1063 2036 1

58 2068 215 2142 Nusquam
241 2067 356 2127 minus:
381 2068 433 2128 ubi
453 2085 514 2129 non
535 2067 653 2128 effusos
668 2083 739 2129 esse
760 2076 881 2143 oportet
900 2067 1032 2142 inpetus,

58 2153 115 2212 sed
128 2158 315 2227 temperatos
330 2159 360 2212 ct
373 2152 561 2212 obedientes.
594 2151 671 2225 Quid
686 2151 766 2211 enim
781 2160 828 2212 est
839 2152 933 2226 aliud,
949 2150 1034 2226 quod

56 2234 207 2296 barbaros
221 2241 304 2295 tanto
320 2235 510 2296 robustiores
525 2234 722 2310 corporibus,
738 2243 821 2296 tanto
837 2234 1032 2310 patientiores

57 2317 197 2379 laborum
211 2319 395 2380 comminuat
408 2320 466 2380 nisi
486 2320 532 2379 ira
552 2318 749 2380 infestissima
770 2319 850 2380 sibi?
886 2319 1034 2394 gladiato·

57 2417 110 2462 res
126 2417 250 2478 quoquc
269 2418 320 2463 ars
341 2409 455 2477 tuetur,
476 2403 522 2464 ira
541 2403 685 2464 denudat.
721 2403 837 2464 Deinde
859 2403 934 2478 quid
954 2406 1064 2474 opust

58 2492 108 2545 est
121 2483 175 2560 ira,
190 2487 352 2546 cumidem
368 2487 507 2561 proficiat
521 2487 621 2547 ratio?
649 2504 687 2547 au
702 2495 735 2549 tu
754 2493 843 2562 putas
857 2491 1034 2545 venatorem

58 2569 150 2628 Irasci
165 2569 258 2630 lerist
289 2569 372 2644 atqui
387 2578 417 2629 et
433 2570 578 2631 venientis
593 2571 707 2646 excipit
726 2579 755 2631 et
772 2570 912 2644 rugientis
928 2582 1034 2643 perse-

58 2653 170 2728 quitur,
184 2661 214 2714 ot
230 2655 331 2715 omnia
344 2653 395 2713 illa
409 2653 476 2714 sine
490 2653 536 2715 ira
549 2655 621 2715 lucit
634 2655 720 2715 ratio.
755 2653 832 2727 Quid
848 2653 1034 2714 Cimbrorum

54 2738 323 2812 Teutonorumque
342 2745 386 2798 tot
406 2737 487 2798 milia
507 2740 671 2813 superlusa
691 2737 821 2813 Alpibus
842 2738 883 2798 ita
903 2736 1033 2809 sustulit,

55 2827 89 2880 ut
104 2827 204 2882 tantae
218 2822 314 2882 cladis
330 2821 464 2883 notitiam
484 2823 524 2882 ad
545 2838 619 2882 suos
640 2838 701 2882 non
718 2820 856 2895 nuntius,
878 2822 935 2882 sed
954 2821 1035 2880 lama

56 2906 229 2980 pertulerit,
252 2906 309 2965 nisi
329 2906 413 2980 quod
435 2914 499 2966 erat
512 2905 572 2966 illis
598 2923 654 2980 pro
674 2905 782 2966 virtute
803 2905 868 2967 irat
901 2920 981 2979 quae
1000 2909 1034 2965 ut

56 2990 224 3064 aliquando
240 2990 373 3064 propulit
386 2989 553 3065 stravitque
568 2989 673 3064 obvia,
695 2990 736 3049 ita
757 2989 881 3065 saepius
896 2987 956 3049 sibi
970 2987 1034 3047 exi·

56 3074 99 3133 tio
114 3078 170 3133 est.
204 3073 362 3134 Germanis
378 3074 450 3149 quid
465 3081 513 3134 est
527 3073 715 3134 animosius?
737 3073 810 3148 quid
825 3075 865 3135 ad
879 3074 1061 3134 incursumd

55 3155 181 3217 acrius?
206 3156 278 3232 quid
295 3173 445 3218 armorum
460 3157 629 3233 cupidiusa
651 3157 761 3233 quibus
776 3157 975 3218 innascuntur
987 3154 1033 3216 in-

55 3239 305 3316 nutriunturque,
328 3257 457 3316 quorum
478 3242 568 3301 unica
587 3240 646 3302 illis
662 3257 736 3301 cura
750 3247 797 3302 est
810 3241 839 3301 in
854 3241 913 3301 alia
929 3241 1030 3315 negle-

43 3323 207 3398 gentibus.
241 3325 314 3400 quid
328 3324 498 3386 induratius
514 3326 553 3385 ad
568 3340 689 3385 ornnem
704 3325 897 3400 patientiam?
917 3331 951 3385 ut
966 3324 1032 3399 qui-

55 3408 115 3467 bus
135 3423 246 3483 magna
271 3425 309 3468 ex
335 3416 420 3484 parte
445 3425 506 3470 non
529 3408 692 3484 tegimenta
718 3424 880 3483 corporum
907 3408 1035 3483 provisa

55 3493 131 3565 sint,
159 3508 221 3554 non
246 3492 386 3567 sullugia.
404 3492 554 3552 adversus
581 3501 761 3568 perpetuum
787 3494 865 3553 coeli
885 3491 1033 3567 rigorcmz
