2438 3968
237 238 339 298 DlAL.
362 237 411 296 lll.
443 237 495 298 DE
510 238 580 298 IRA
600 237 672 297 LlB.
693 239 715 296 I.
739 247 866 300 11-13.
994 234 1037 301 46
1149 251 1153 260 “

57 391 185 454 fioribus
206 396 237 451 et
255 390 360 450 relicto
374 389 475 450 iudice
498 391 537 450 ad
560 405 704 451 coronam
723 391 820 452 venis.
851 393 923 468 quia
943 407 1035 455 unus

59 476 193 552 quisque
214 471 244 533 in
267 473 417 534 eiusmodi
438 489 562 534 suorum
579 490 654 535 casu
674 474 828 550 lrascitur‚
849 483 938 551 putas
958 474 1036 538 iudi·

57 567 184 620 caturos
203 556 342 618 homines
363 557 394 617 id
409 557 475 617 fieri
491 557 613 632 debere,
630 558 713 634 quod
728 559 851 618 faciunt.
877 559 942 620 fere
956 559 1037 620 enlm

57 645 171 705 iustum
192 641 324 716 quisquc
350 641 502 701 adfectum
522 640 650 714 iudicat,
680 658 769 717 quem
790 643 939 716 agnoscit.
975 644 1067 704 ira-l

58 733 187 788 scuntur
206 725 278 785 boni
298 724 355 785 viri
377 741 432 800 pro
448 741 574 785 suorum
592 724 725 786 iniuriisa
746 726 801 786 sed
817 725 898 785 idem
913 724 1035 799 faciunt

58 811 86 872 si
107 809 195 871 calda
215 825 277 870 non
300 809 380 868 bene
399 807 576 884 praebetur,
600 810 626 869 si
640 810 768 871 dueum
783 810 910 871 fractum
926 816 988 884 est,
1010 809 1037 870 si

58 896 183 955 calceus
203 893 265 953 lulo
286 909 415 968 sparsus
430 900 486 953 est.
517 894 582 954 Non
599 892 696 968 pietas
710 893 791 954 illam
805 895 895 969 iram,
919 895 976 954 sed
991 894 1036 955 in-

57 975 186 1039 firmitas
200 984 317 1050 movet,
339 976 419 1038 siout
433 977 554 1052 pueris,
577 978 628 1052 qui
643 984 703 1038 tam
719 977 896 1053 parentibus
910 977 1034 1039 amissis

58 1061 179 1122 flebunt
198 1075 289 1135 quam
311 1060 450 1122 nucibus.
476 1061 570 1121 Irasci
590 1078 645 1136 pro
662 1059 726 1122 suis
741 1078 802 1121 non
819 1069 866 1123 est
879 1060 922 1138 pii
935 1062 1065 1135 animia

59 1146 116 1205 sed
135 1143 255 1205 infirmi.
284 1144 360 1205 lllud
376 1144 535 1220 pulchrum
550 1145 750 1220 dignumque,
771 1161 827 1220 pro
849 1146 1036 1220 parentibus,

59 1228 178 1301 liberis,
201 1227 321 1299 amicis,
344 1226 462 1288 civibus
483 1227 606 1303 prodire
626 1229 818 1289 defensorem
840 1230 910 1305 ipso
933 1230 1036 1291 officio

59 1315 205 1385 ducente,
221 1313 386 1387 volentem,
401 1312 600 1386 iudicantem,
617 1313 845 1388 providentem,
862 1330 922 1372 non
938 1313 1035 1388 inpul-

59 1413 128 1457 sum
141 1404 171 1457 et
183 1396 332 1455 rabidum.
355 1397 456 1457 nullus
470 1395 549 1455 enim
561 1396 700 1456 adlectus
710 1395 886 1455 vindicandi
898 1396 1038 1472 cupidior

59 1488 108 1541 esl
122 1495 214 1556 quam
235 1479 280 1538 ira
301 1486 331 1552 et
352 1480 391 1538 ob
405 1479 437 1538 id
451 1479 553 1553 lpsum
567 1480 606 1538 ad
621 1478 838 1538 vindicandum
854 1485 936 1552 [tom]
952 1479 1036 1539 inba-

57 1563 145 1636 bilis,
160 1562 361 1638 praerapidus
377 1568 407 1621 et
421 1577 542 1636 amens,
564 1568 598 1621 ut
612 1562 710 1623 omnis
724 1563 788 1622 fere
803 1564 953 1638 cupiditas
968 1563 1037 1638 ipsa

60 1647 119 1707 sibi
133 1646 163 1706 in
179 1647 210 1705 id
225 1647 255 1705 in
271 1645 353 1720 quod
370 1653 516 1721 properat
529 1646 710 1721 opponitura
724 1645 828 1721 itaque
842 1662 900 1706 nec
914 1648 944 1707 in
959 1661 1037 1722 pace

60 1729 163 1790 necin
179 1730 259 1790 bello
274 1745 418 1804 umquam
432 1731 514 1790 bono
531 1730 595 1791 fuit.
617 1745 725 1805 pacem
736 1730 815 1790 enim
827 1731 954 1790 similem
966 1730 1036 1791 belli

59 1812 168 1888 elficit,
183 1813 213 1872 iu
230 1814 321 1874 armis
334 1829 408 1873 vero
422 1812 609 1875 obliviscitur
619 1813 746 1874 Martem
760 1829 831 1874 esse
845 1830 1036 1876 communem

60 1897 206 1973 venitque
219 1897 249 1956 in
265 1897 393 1957 alienam
408 1904 604 1972 potestatem,
620 1898 690 1957 dum
706 1897 735 1957 in
751 1914 809 1958 sua
822 1915 884 1959 non
899 1906 956 1960 est.
977 1900 1065 1962 Ded

59 1981 132 2042 inde
151 1997 212 2042 non
234 1982 304 2041 ideo
325 1979 398 2041 vitia
417 1981 446 2040 in
467 1997 556 2043 usum
576 1982 753 2057 recipienda
777 1989 864 2056 sunt,
891 1984 962 2058 quia
982 1983 1036 2041 ali-

59 2065 183 2141 quando
199 2063 314 2140 aliquid
324 2064 499 2127 effecerunt.
522 2082 590 2126 nam
605 2074 636 2126 et
647 2066 748 2126 febres
761 2067 911 2141 quaedam
922 2081 1036 2142 genera

18 2216 21 2220 ⁴
58 2149 234 2210 valitudinis
249 2151 365 2222 levant,
381 2166 438 2210 nec
452 2149 523 2211 ideo
541 2166 601 2211 non
616 2165 656 2209 ex
670 2157 733 2211 toto
748 2149 807 2210 illis
823 2151 959 2211 caruisse
972 2164 1036 2209 me·

58 2231 118 2293 lius
130 2240 192 2294 est:
205 2233 440 2294 abominandum
450 2234 576 2295 remedii
587 2249 684 2308 genus
696 2242 744 2295 est
753 2233 911 2295 sanitatem
923 2234 1036 2293 debere

59 2317 178 2377 morbo.
207 2316 303 2377 Simili
316 2318 408 2379 modo
430 2319 488 2389 ira,
510 2317 599 2378 etiam
616 2319 642 2379 si
657 2317 822 2393 aliquando
837 2326 870 2377 ut
883 2332 1035 2377 venenum

59 2408 91 2459 et
107 2400 314 2477 praecipitatio
337 2409 368 2460 et
381 2403 569 2476 naufragium
590 2418 630 2461 ex
649 2401 806 2477 inopinato
823 2401 951 2475 profuit,
974 2416 1035 2459 non

59 2483 132 2544 ideo
147 2484 286 2545 salubris
306 2485 468 2545 iudicanda
482 2493 537 2544 est.
567 2502 662 2560 saepe
682 2486 762 2545 enim
778 2485 868 2545 saluti
883 2486 967 2543 fuere
983 2499 1036 2558 pe·

60 2567 174 2627 stifera.

121 2651 198 2712 Xlll.
220 2652 336 2712 Deinde
351 2667 430 2727 quae
445 2651 585 2712 habenda
598 2660 668 2712 sunt
680 2656 721 2726 [io
732 2654 832 2728 boniol,
849 2668 909 2727 quo
922 2651 1063 2715 maior-al
1146 2670 1150 2678 ·

59 2753 98 2797 eo
113 2735 240 2796 meliora
254 2743 284 2795 et
298 2735 479 2810 optabiliora
494 2743 572 2796 sunt.
596 2733 627 2794 Si
643 2736 755 2796 iustitia
768 2736 883 2795 bonum
901 2743 961 2810 est,
982 2751 1035 2796 nc·

58 2836 111 2881 mo
127 2819 209 2881 dicet
224 2818 380 2880 meliorem
394 2821 538 2891 futuram,
553 2818 580 2878 si
596 2818 670 2894 quid
685 2820 853 2879 detractum
867 2835 906 2878 ex
920 2834 956 2879 ea
970 2821 1034 2880 fue-

57 2903 107 2964 rit.
140 2903 167 2963 si
193 2903 338 2965 fortitudo
359 2902 471 2963 bonum
492 2910 553 2978 est,
580 2918 668 2964 nemo
689 2905 769 2964 illam
793 2902 979 2963 desiderabit
997 2912 1064 2965 exa

59 2988 164 3062 aliqua
184 2994 270 3062 parte
285 2987 432 3047 deminuiz
455 3003 528 3062 orgo
548 2993 579 3047 et
598 2987 644 3046 ira
659 3005 718 3062 quo
733 2987 829 3048 maior
845 2987 905 3047 hoc
919 2986 1035 3046 melior.
1082 3052 1084 3056 Α

59 3071 131 3147 quis
146 3073 226 3132 enim
241 3069 331 3132 ullius
345 3071 418 3132 boni
432 3069 642 3132 accessionem
658 3071 865 3132 recusaverit?
884 3069 967 3145 atqui
983 3085 1035 3130 au·

57 3155 125 3230 geri
140 3154 221 3215 illam
240 3155 345 3216 inutile
359 3161 421 3217 esl=
443 3171 516 3229 ergo
532 3163 562 3215 el
575 3171 656 3215 esse.
681 3156 748 3216 Non
764 3161 810 3216 est
823 3156 937 3216 bonum
953 3152 1036 3229 quod

57 3237 246 3301 incremento
261 3242 372 3300 malum
387 3239 429 3300 fit.
451 3239 568 3313 „Utilia
584 3240 689 3314 inquit,
704 3241 750 3300 ira
764 3246 820 3316 est,
835 3239 907 3314 quia
921 3254 1035 3314 pugna·
1048 3250 1066 3304 3

59 3323 162 3383 eiores
177 3323 279 3383 facit.“
301 3323 361 3385 lsto
379 3323 470 3383 modo
486 3332 516 3383 et
530 3323 677 3384 ebrietas:
691 3324 763 3384 facit
778 3323 858 3384 enim
874 3331 1036 3398 protervos

59 3413 92 3466 et
112 3407 246 3468 audaces
268 3408 412 3482 multique
434 3408 576 3467 meliores
595 3408 634 3467 ad
656 3409 768 3466 ferrum
788 3408 873 3468 fuere
887 3408 966 3466 male
986 3422 1036 3468 so·
1121 3442 1127 3451 ·

58 3489 128 3550 brii.
155 3490 321 3552 istomodo
337 3492 386 3551 dic
407 3498 436 3550 el
457 3490 620 3567 phrenesin
643 3498 734 3567 atque
755 3491 903 3551 insaniam
921 3490 1037 3550 viribus
